2312 2941
637 374 729 432 M.
780 375 1061 434 TULLl
1126 375 1671 436 CICERONIS

911 566 1370 622 LIBELLUS

332 742 455 798 DE
521 741 882 800 OPTIMO
951 741 1336 800 GENERE
1402 729 1967 802 ORATORUM.

360 1077 582 1137 Oratorum
613 1110 762 1147 genera
792 1110 879 1136 esse
910 1096 1098 1136 dicuntur
1132 1100 1341 1147 tamquam
1377 1100 1609 1147 poetarum:
1650 1097 1691 1136 id
1729 1110 1845 1137 secus
1883 1101 1965 1146 est,
2004 1111 2100 1136 nam
2142 1106 2157 1134 1

190 1162 364 1202 alterum
403 1165 465 1202 est
503 1161 725 1213 multiplex.
792 1161 994 1201 Poematis
1032 1161 1138 1201 enim
1175 1162 1338 1212 tragici⁷
1378 1162 1540 1201 comici.
1578 1162 1693 1213 epici.
1734 1162 1866 1202 melici
1898 1162 2021 1202 etiam
2053 1175 2099 1201 ac
2144 1181 2155 1200 ι

191 1227 489 1278 dithyrambici,
522 1228 630 1278 quod
660 1227 790 1265 rarius
821 1232 882 1266 est
911 1230 1130 1265 trac-tatum
1163 1240 1186 1264 a
1215 1227 1383 1274 Latinis,
1416 1241 1532 1264 suum
1564 1228 1758 1278 cuiusque
1790 1232 1865 1275 est.
1898 1228 2100 1266 diversum

190 1309 214 1332 a
244 1294 422 1344 reliquis.
483 1294 623 1343 Itaque
656 1298 696 1333 et
726 1294 767 1331 in
806 1289 1015 1343 tragoedia
1050 1293 1247 1332 comicum
1280 1293 1465 1331 vitiosum
1503 1298 1562 1332 est
1596 1297 1634 1332 et
1666 1293 1707 1331 in
1738 1294 1950 1332 comoedia
1979 1298 2099 1344 turpe

145 1371 159 1390 ὅ
188 1359 401 1409 tragicum,
434 1362 474 1399 et
504 1358 545 1397 in
576 1358 721 1399 ceteris
752 1372 847 1398 suus
879 1361 940 1398 est
969 1358 1161 1408 cuiusque
1192 1365 1286 1405 atque
1314 1362 1449 1398 certus
1480 1371 1603 1398 sonus
1635 1362 1673 1398 et
1707 1359 1906 1409 quaedam
1942 1358 2099 1400 intelle-

188 1424 377 1475 gentibus
408 1428 506 1465 nota
537 1439 623 1464 vox.
686 1423 901 1463 Oratorum
931 1428 1067 1463 autem
1098 1423 1131 1463 si
1162 1423 1250 1474 quis
1281 1423 1337 1462 ita
1369 1428 1557 1463 numerat
1586 1423 1703 1475 plura
1734 1438 1897 1475 genera.
1929 1428 1975 1464 ut
1996 1424 2097 1465 alios
2141 1444 2155 1464 ε

188 1490 352 1541 grandis
384 1493 455 1528 :tut
486 1489 616 1540 gravis
654 1494 725 1527 aut
763 1489 968 1540 copiosos.
1010 1489 1110 1528 alios
1146 1489 1279 1528 tenuis
1318 1493 1387 1527 aut
1421 1489 1579 1527 subt-ilis
1615 1494 1685 1527 aut
1725 1489 1877 1537 brevis.
1910 1489 2011 1529 alios
2042 1490 2099 1529 eis

188 1556 422 1595 interiectos
454 1559 494 1594 et
524 1559 734 1605 tamquam
765 1555 918 1594 medios
946 1558 1080 1605 putet,
1120 1559 1157 1591 de
1192 1554 1420 1593 hominibus
1451 1554 1548 1592 dicit
1579 1554 1745 1604 aliquid.
1784 1556 1832 1594 de
1864 1569 1907 1595 re
1938 1569 2096 1606 parum.

186 1622 233 1660 In
262 1635 305 1661 re
337 1621 456 1667 enim,
490 1621 597 1670 quod
628 1619 825 1670 optimum
856 1619 920 1667 sit,
953 1619 1179 1669 quaeritur,
1215 1619 1256 1658 in
1287 1619 1448 1658 homine
1481 1619 1647 1666 dicitur,
1681 1621 1789 1670 quod
1819 1624 1893 1660 est.
1955 1620 2098 1671 Itaque

132 1698 158 1718 ¹0
187 1686 282 1726 licet
313 1686 444 1726 dicere
476 1690 517 1724 et
539 1685 713 1724 Ennium
745 1698 945 1724 summum
974 1684 1131 1735 epicum
1163 1688 1338 1734 poetam.
1372 1684 1403 1723 si
1435 1684 1498 1723 cui
1529 1684 1587 1723 ita
1612 1685 1785 1733 videtur,
1817 1690 1856 1726 et
1879 1686 2098 1725 Pacuvium

186 1751 385 1801 tragicum
408 1754 448 1791 et
470 1750 687 1789 Caecilium
718 1749 891 1789 fortasse
912 1749 1129 1789 comicum:
1163 1753 1365 1789 oratorem
1388 1763 1534 1799 genere
1556 1763 1639 1789 non
1660 1750 1806 1790 divido.
1866 1751 2098 1791 Perfectum
2142 1769 2156 1789 s

186 1817 293 1857 enim
325 1830 496 1866 quaero,
536 1829 661 1854 unum
692 1818 753 1855 est
784 1818 921 1854 autem
951 1828 1076 1864 genus
1113 1814 1302 1865 perfecti,
1340 1827 1363 1852 a
1402 1828 1480 1864 quo
1520 1815 1587 1864 qui
1625 1814 1797 1854 absunt.
1837 1830 1921 1856 non
1950 1829 2097 1866 genere

186 1882 390 1928 differunt.
423 1884 468 1919 ut
490 1879 700 1919 Terentius
722 1879 772 1919 ab
794 1879 928 1925 Accio,
960 1879 1030 1918 sed
1060 1878 1102 1917 in
1133 1879 1275 1919 eodem
1306 1893 1452 1928 genere
1484 1893 1566 1918 non
1597 1883 1693 1919 sunt
1723 1893 1854 1931 pares.
1909 1880 2097 1931 Optimus

185 1951 248 1987 est
278 1947 385 1987 enim
416 1950 566 1993 orator,
600 1945 667 1996 qui
696 1945 864 1985 dicendo
887 1944 1043 1984 animos
1065 1944 1316 1984 audientium
1339 1948 1378 1984 et
1401 1945 1520 1984 docet
1541 1949 1581 1984 et
1603 1945 1781 1985 delectat
1803 1950 1843 1986 et
1865 1949 2093 1997 permovet:

131 2025 156 2045 ¹⁵
187 2014 331 2053 docere
363 2012 542 2052 debitum
566 2016 639 2059 est7
671 2011 872 2051 delectare
893 2010 1168 2058 honorarium,
1199 2023 1432 2061 permovere
1455 2011 1740 2050 necessarium.
1792 2011 1903 2051 Haec
1926 2015 1970 2049 ut
1991 2011 2095 2051 alius
2139 2031 2153 2050 ι

185 2079 328 2118 melius
350 2091 471 2128 quam
493 2077 607 2124 alius,
630 2076 933 2116 concedendum
954 2079 1034 2122 est;
1057 2089 1195 2114 verum
1216 2075 1255 2113 id
1276 2076 1321 2113 fit
1343 2089 1425 2114 non
1445 2089 1604 2126 genere,
1628 2077 1699 2115 sed
1715 2077 1860 2127 gradu:
1896 2077 2095 2128 optimum

186 2145 347 2196 quidem
379 2158 504 2182 unum
536 2147 598 2183 est
628 2146 669 2183 et
698 2142 946 2193 proximum,
987 2142 1094 2191 quod
1132 2140 1167 2181 ei
1198 2139 1458 2179 simillimum.
1519 2140 1579 2179 Ex
1618 2155 1697 2192 quo
1728 2142 1988 2193 perspicuum
2019 2146 2095 2190 est,

186 2211 294 2261 quod
325 2209 477 2259 optimo
510 2208 819 2247 dissimillimum
850 2208 921 2254 sit,
958 2207 998 2245 id
1036 2220 1123 2246 esse
1162 2205 1437 2245 deterrimum.
1502 2206 1605 2244 Nam
1638 2207 1829 2256 quoniam
1861 2207 2097 2258 eloquentia
2122 2217 2153 2245 11

296 2329 486 2363 Insa-raptione
505 2331 580 2355 caret
604 2327 633 2361 T,
653 2327 688 2354 de
708 2327 735 2354 G
755 2327 827 2354 nihil
846 2327 1013 2354 adnotatum
1032 2329 1080 2360 est,
1102 2326 1130 2352 P
1146 2325 1254 2352 exhibet
1280 2328 1311 2350 Μ.
1327 2328 1352 2350 Τ.
1368 2328 1393 2350 C.
1413 2329 1453 2350 οε
1470 2328 1586 2350 οΡΤιΜο
1604 2329 1730 2351 GENERE
1747 2329 1930 2354 onnonuu.

295 2376 321 2403 2.
343 2375 467 2403 alterum
487 2376 531 2402 est
553 2372 716 2409 multiplex]
737 2372 862 2401 alterum
886 2374 930 2400 est
952 2371 1083 2408 simplex,
1107 2371 1233 2400 alterum
1256 2370 1408 2407 multiplex
1429 2370 1596 2399 Lambinus.
1618 2387 1652 2391 —
1678 2371 1837 2408 Poematis]
1861 2373 2035 2409 poematicis
2058 2372 2090 2401 T.
2117 2389 2153 2394 —-

127 2424 154 2452 3.
175 2421 391 2457 dithyrambici]
415 2421 601 2455 dityrambici
627 2420 657 2446 T.
683 2434 719 2438 —
753 2419 833 2453 quod
859 2419 896 2445 T:
927 2427 985 2453 quo
1010 2418 1036 2445 G
1052 2418 1083 2444 P.
1108 2433 1142 2437 —
1174 2418 1270 2445 rarius
1293 2418 1407 2452 scr-apsi:
1438 2418 1531 2453 magis
1554 2419 1597 2446 A:
1630 2419 1752 2453 propius
1779 2418 1920 2446 accederet
1953 2420 1992 2447 ad
2023 2420 2152 2448 ωᾶίαιιι

126 2470 298 2507 scripturam
321 2467 486 2506 malignius,
509 2467 535 2495 si
558 2474 611 2495 voa:
633 2468 702 2494 esset
724 2464 919 2494 Ciceroniana.
943 2479 978 2484 -—
1004 2464 1144 2500 cuiusque
1168 2463 1335 2491 Manutius:
1354 2463 1437 2492 cuius
1458 2463 1491 2499 P,
1515 2464 1622 2500 quoius
1647 2464 1681 2500 G,
1706 2465 1787 2500 quod
1799 2465 1846 2493 ius
1862 2465 1943 2493 11—
1956 2467 1983 2494 5.
1999 2465 2153 2504 cuiusque]

127 2518 233 2552 cuique
258 2516 292 2543 G.
317 2529 351 2534 —
376 2518 485 2549 atque
504 2514 612 2540 addidi.
638 2527 672 2531 —-
702 2516 798 2540 certus
820 2513 893 2539 GP.-
917 2520 970 2538 om.
996 2513 1026 2538 Τ.
1056 2526 1092 2530 -
1122 2513 1146 2536 7.
1171 2511 1301 2546 grandis]
1322 2513 1448 2546 grandes
1463 2512 1489 2537 G
1509 2520 1543 2536 eat
1561 2513 1608 2537 sil.
1629 2526 1664 2530 —
1684 2513 1793 2547 gravis]
1814 2522 1920 2548 graves
1945 2514 1972 2539 G
1991 2522 2025 2539 ex
2042 2515 2088 2540 eil.
2117 2528 2153 2532 —

125 2564 234 2599 tenuis]
263 2567 365 2591 tenuen
387 2562 413 2590 G
434 2571 467 2590 eac
487 2561 531 2589 sil.
562 2578 597 2581 —
627 2559 752 2595 subtilis]
772 2558 892 2588 subtiles
908 2557 935 2587 G
953 2568 987 2587 ex
1005 2557 1051 2586 sil.
1079 2574 1114 2579 —
1143 2555 1251 2593 brevis]
1281 2556 1385 2586 breves
1409 2555 1435 2585 G
1458 2565 1492 2585 ex
1513 2557 1560 2586 sil.
1582 2575 1618 2580 —
1638 2557 1664 2587 8.
1684 2557 1719 2587 de
1736 2557 1916 2595 hominibus]
1937 2558 2104 2589 hominibus
2114 2560 2152 2589 A·

126 2610 199 2640 dicit
219 2609 356 2639 Orellius:
385 2608 472 2638 deicit
495 2608 531 2636 A.
562 2622 596 2626 —
627 2607 663 2636 de
683 2605 725 2643 re]
747 2614 799 2634 om.
820 2605 879 2633 1²1.
909 2620 944 2625 -
974 2605 1017 2633 10.
1043 2604 1082 2641 et]
1110 2604 1133 2632 ἀ
1157 2604 1211 2630 1³2
1232 2604 1263 2630 in
1286 2611 1342 2631 ras.
1376 2618 1411 2622 —
1441 2604 1613 2641 Pacuvium]
1637 2605 1800 2633 Pacuuium
1826 2605 1857 2633 T.
1888 2620 1922 2624 —
1953 2606 1997 2634 12.
2018 2607 2152 2644 perfecti]

126 2659 195 2684 fecti
218 2659 279 2683 P1.
308 2672 344 2676 —
382 2658 426 2682 13.
450 2656 545 2690 pares]
573 2656 629 2680 ΡΞ
647 2655 712 2680 mid.
733 2655 765 2679 in
779 2654 839 2686 fine
859 2662 895 2679 vs.
917 2657 987 2682 QUID
1003 2656 1050 2677 SIT
1067 2656 1169 2676 OPTm'
1184 2655 1319 2678 ORATOR.
1351 2667 1386 2671 —
1414 2653 1548 2686 Optimus
1578 2655 1622 2679 est
1650 2643 1738 2686 enimn]
1769 2654 1886 2687 Oph'me
1916 2655 2052 2681 enimoet
2071 2654 2103 2681 T.
2117 2670 2152 2674 —

127 2705 172 2734 14.
194 2707 224 2733 et
242 2702 406 2740 permovet]
427 2711 479 2731 om.
495 2701 525 2730 T.
546 2718 581 2722 -
603 2701 646 2730 17.
661 2698 848 2736 simillimum]
869 2698 1037 2728 similimum
1060 2697 1092 2726 T.
1112 2713 1148 2718 —
1169 2697 1214 2727 18.
1234 2696 1470 2734 dissimillimum]
1486 2697 1696 2736 dissimillimus
1715 2697 1744 2728 T.
1767 2715 1801 2720 -
