<?xml version="1.0" encoding="UTF-8"?>
<!DOCTYPE html PUBLIC "-//W3C//DTD XHTML 1.0 Transitional//EN"
    "http://www.w3.org/TR/xhtml1/DTD/xhtml1-transitional.dtd">
<html xmlns="http://www.w3.org/1999/xhtml" xml:lang="en" lang="en">
 <head>
  <title>
</title>
<meta http-equiv="Content-Type" content="text/html;charset=utf-8" />
  <meta name='ocr-system' content='tesseract 3.04.00' />
  <meta name='ocr-capabilities' content='ocr_page ocr_carea ocr_par ocr_line ocrx_word'/>
</head>
<body>
  <div class='ocr_page' id='page_1' title='image "4624110_0008.png"; bbox 0 0 2281 2899; ppageno 0'>
   <div class='ocr_carea' id='block_1_1' title="bbox 238 295 2041 2159">
    <p class='ocr_par' dir='ltr' id='par_1_1' title="bbox 238 295 2041 1972">
     <span class='ocr_line' id='line_1_1' title="bbox 414 295 2036 342; baseline -0.008 -6"><span class='ocrx_word' id='word_1_1' title='bbox 414 295 487 337; x_wconf 80' lang='lat' dir='ltr'>Hac</span> <span class='ocrx_word' id='word_1_2' title='bbox 507 308 653 335; x_wconf 86' lang='lat' dir='ltr'>scribendi</span> <span class='ocrx_word' id='word_1_3' title='bbox 674 308 814 335; x_wconf 75' lang='lat' dir='ltr'><strong>facultate</strong></span> <span class='ocrx_word' id='word_1_4' title='bbox 835 308 872 334; x_wconf 87' lang='lat' dir='ltr'>ad</span> <span class='ocrx_word' id='word_1_5' title='bbox 893 307 1018 334; x_wconf 79' lang='lat' dir='ltr'>officium</span> <span class='ocrx_word' id='word_1_6' title='bbox 1039 305 1154 342; x_wconf 77' lang='lat' dir='ltr'>pietatis</span> <span class='ocrx_word' id='word_1_7' title='bbox 1176 303 1347 339; x_wconf 85' lang='lat' dir='ltr'>explendum</span> <span class='ocrx_word' id='word_1_8' title='bbox 1368 301 1466 328; x_wconf 87' lang='lat' dir='ltr'>oblata</span> <span class='ocrx_word' id='word_1_9' title='bbox 1484 300 1534 327; x_wconf 90' lang='lat' dir='ltr'>sed</span> <span class='ocrx_word' id='word_1_10' title='bbox 1552 299 1664 336; x_wconf 85' lang='lat' dir='ltr'>exiguis</span> <span class='ocrx_word' id='word_1_11' title='bbox 1683 306 1846 334; x_wconf 82' lang='lat' dir='ltr'>paucarum</span> <span class='ocrx_word' id='word_1_12' title='bbox 1860 298 2036 334; x_wconf 82' lang='lat' dir='ltr'>paginarum</span> 
     </span>
     <span class='ocr_line' id='line_1_2' title="bbox 238 344 2036 390; baseline -0.007 -7"><span class='ocrx_word' id='word_1_13' title='bbox 238 355 345 382; x_wconf 90' lang='lat' dir='ltr'>finibus</span> <span class='ocrx_word' id='word_1_14' title='bbox 374 355 598 390; x_wconf 87' lang='lat' dir='ltr'>circumscripta</span> <span class='ocrx_word' id='word_1_15' title='bbox 623 355 772 382; x_wconf 82' lang='lat' dir='ltr'>Ciceronis</span> <span class='ocrx_word' id='word_1_16' title='bbox 806 354 935 381; x_wconf 86' lang='lat' dir='ltr'>libellum</span> <span class='ocrx_word' id='word_1_17' title='bbox 972 354 1066 380; x_wconf 83' lang='lat' dir='ltr'>dicam</span> <span class='ocrx_word' id='word_1_18' title='bbox 1094 361 1131 379; x_wconf 87' lang='lat' dir='ltr'>an</span> <span class='ocrx_word' id='word_1_19' title='bbox 1159 351 1338 387; x_wconf 88' lang='lat' dir='ltr'>prooemium</span> <span class='ocrx_word' id='word_1_20' title='bbox 1366 349 1400 376; x_wconf 92' lang='lat' dir='ltr'>de</span> <span class='ocrx_word' id='word_1_21' title='bbox 1428 348 1538 383; x_wconf 84' lang='lat' dir='ltr'>optimo</span> <span class='ocrx_word' id='word_1_22' title='bbox 1566 355 1670 383; x_wconf 80' lang='lat' dir='ltr'>genere</span> <span class='ocrx_word' id='word_1_23' title='bbox 1698 348 1865 373; x_wconf 82' lang='lat' dir='ltr'>oratorum.</span> <span class='ocrx_word' id='word_1_24' title='bbox 1901 353 1960 379; x_wconf 87' lang='lat' dir='ltr'>quo</span> <span class='ocrx_word' id='word_1_25' title='bbox 1987 344 2036 372; x_wconf 86' lang='lat' dir='ltr'>ille</span> 
     </span>
     <span class='ocr_line' id='line_1_3' title="bbox 238 392 2034 436; baseline -0.007 -6"><span class='ocrx_word' id='word_1_26' title='bbox 238 401 433 429; x_wconf 85' lang='lat' dir='ltr'>nobilissimas</span> <span class='ocrx_word' id='word_1_27' title='bbox 452 401 600 429; x_wconf 86' lang='lat' dir='ltr'>orationes</span> <span class='ocrx_word' id='word_1_28' title='bbox 621 401 699 429; x_wconf 88' lang='lat' dir='ltr'>inter</span> <span class='ocrx_word' id='word_1_29' title='bbox 719 411 807 436; x_wconf 87' lang='lat' dir='ltr'>seque</span> <span class='ocrx_word' id='word_1_30' title='bbox 828 401 990 429; x_wconf 80' lang='lat' dir='ltr'>contrarias</span> <span class='ocrx_word' id='word_1_31' title='bbox 1008 399 1154 427; x_wconf 84' lang='lat' dir='ltr'>Aeschinis</span> <span class='ocrx_word' id='word_1_32' title='bbox 1172 400 1201 426; x_wconf 87' lang='lat' dir='ltr'>et</span> <span class='ocrx_word' id='word_1_33' title='bbox 1218 396 1416 425; x_wconf 81' lang='lat' dir='ltr'>Demosthenis</span> <span class='ocrx_word' id='word_1_34' title='bbox 1435 405 1451 423; x_wconf 88' lang='lat' dir='ltr'>a</span> <span class='ocrx_word' id='word_1_35' title='bbox 1469 404 1499 423; x_wconf 88' lang='lat' dir='ltr'>se</span> <span class='ocrx_word' id='word_1_36' title='bbox 1517 404 1553 422; x_wconf 88' lang='lat' dir='ltr'>ex</span> <span class='ocrx_word' id='word_1_37' title='bbox 1569 402 1702 422; x_wconf 85' lang='lat' dir='ltr'>sermone</span> <span class='ocrx_word' id='word_1_38' title='bbox 1721 392 1833 421; x_wconf 87' lang='lat' dir='ltr'>Graeco</span> <span class='ocrx_word' id='word_1_39' title='bbox 1852 393 1882 419; x_wconf 88' lang='lat' dir='ltr'>in</span> <span class='ocrx_word' id='word_1_40' title='bbox 1895 392 2034 419; x_wconf 82' lang='lat' dir='ltr'>Latinum</span> 
     </span>
     <span class='ocr_line' id='line_1_4' title="bbox 240 438 2035 484; baseline -0.007 -8"><span class='ocrx_word' id='word_1_41' title='bbox 240 456 398 475; x_wconf 85' lang='lat' dir='ltr'>conversas</span> <span class='ocrx_word' id='word_1_42' title='bbox 419 448 613 484; x_wconf 88' lang='lat' dir='ltr'>popularibus</span> <span class='ocrx_word' id='word_1_43' title='bbox 634 448 694 475; x_wconf 82' lang='lat' dir='ltr'>suis</span> <span class='ocrx_word' id='word_1_44' title='bbox 712 447 945 475; x_wconf 80' lang='lat' dir='ltr'>commendabat.</span> <span class='ocrx_word' id='word_1_45' title='bbox 967 446 1067 474; x_wconf 86' lang='lat' dir='ltr'>addita</span> <span class='ocrx_word' id='word_1_46' title='bbox 1084 446 1245 481; x_wconf 80' lang='lat' dir='ltr'>scripturae</span> <span class='ocrx_word' id='word_1_47' title='bbox 1264 443 1396 471; x_wconf 86' lang='lat' dir='ltr'>codicum</span> <span class='ocrx_word' id='word_1_48' title='bbox 1414 442 1556 470; x_wconf 86' lang='lat' dir='ltr'>varietate</span> <span class='ocrx_word' id='word_1_49' title='bbox 1573 441 1659 469; x_wconf 91' lang='lat' dir='ltr'>edere</span> <span class='ocrx_word' id='word_1_50' title='bbox 1677 438 1824 468; x_wconf 88' lang='lat' dir='ltr'>constitui.</span> <span class='ocrx_word' id='word_1_51' title='bbox 1854 438 1937 466; x_wconf 88' lang='lat' dir='ltr'>Anno</span> <span class='ocrx_word' id='word_1_52' title='bbox 1957 438 2035 465; x_wconf 88' lang='lat' dir='ltr'>enim</span> 
     </span>
     <span class='ocr_line' id='line_1_5' title="bbox 241 484 2033 527; baseline -0.005 -7"><span class='ocrx_word' id='word_1_53' title='bbox 241 494 508 521; x_wconf 81' lang='lat' dir='ltr'>MDCCCLXXVIII</span> <span class='ocrx_word' id='word_1_54' title='bbox 524 502 590 521; x_wconf 88' lang='lat' dir='ltr'>cum</span> <span class='ocrx_word' id='word_1_55' title='bbox 602 494 721 521; x_wconf 84' lang='lat' dir='ltr'>Parisiis</span> <span class='ocrx_word' id='word_1_56' title='bbox 734 494 763 521; x_wconf 91' lang='lat' dir='ltr'>in</span> <span class='ocrx_word' id='word_1_57' title='bbox 778 502 812 521; x_wconf 92' lang='lat' dir='ltr'>ea</span> <span class='ocrx_word' id='word_1_58' title='bbox 826 493 1010 521; x_wconf 82' lang='lat' dir='ltr'>bibliotheca.</span> <span class='ocrx_word' id='word_1_59' title='bbox 1026 501 1099 527; x_wconf 79' lang='lat' dir='ltr'>quae</span> <span class='ocrx_word' id='word_1_60' title='bbox 1114 500 1190 519; x_wconf 90' lang='lat' dir='ltr'>nunc</span> <span class='ocrx_word' id='word_1_61' title='bbox 1201 492 1322 518; x_wconf 77' lang='lat' dir='ltr'>vocatur</span> <span class='ocrx_word' id='word_1_62' title='bbox 1333 489 1494 518; x_wconf 86' lang='lat' dir='ltr'>nationalis.</span> <span class='ocrx_word' id='word_1_63' title='bbox 1509 488 1623 516; x_wconf 88' lang='lat' dir='ltr'>codices</span> <span class='ocrx_word' id='word_1_64' title='bbox 1635 486 1839 515; x_wconf 83' lang='lat' dir='ltr'>Ciceronianos</span> <span class='ocrx_word' id='word_1_65' title='bbox 1851 484 2033 521; x_wconf 83' lang='lat' dir='ltr'>inspicerem.</span> 
     </span>
     <span class='ocr_line' id='line_1_6' title="bbox 239 531 2036 574; baseline -0.005 -7"><span class='ocrx_word' id='word_1_66' title='bbox 239 541 270 566; x_wconf 89' lang='lat' dir='ltr'>in</span> <span class='ocrx_word' id='word_1_67' title='bbox 292 540 392 567; x_wconf 87' lang='lat' dir='ltr'>codice</span> <span class='ocrx_word' id='word_1_68' title='bbox 412 540 504 567; x_wconf 89' lang='lat' dir='ltr'>latino</span> <span class='ocrx_word' id='word_1_69' title='bbox 527 540 608 573; x_wconf 75' lang='lat'>7347,</span> <span class='ocrx_word' id='word_1_70' title='bbox 638 540 688 574; x_wconf 89' lang='lat' dir='ltr'>qui</span> <span class='ocrx_word' id='word_1_71' title='bbox 716 542 857 574; x_wconf 86' lang='lat' dir='ltr'>quattuor</span> <span class='ocrx_word' id='word_1_72' title='bbox 884 540 1018 566; x_wconf 91' lang='lat' dir='ltr'>codicum</span> <span class='ocrx_word' id='word_1_73' title='bbox 1046 539 1151 565; x_wconf 82' lang='lat' dir='ltr'>diversi</span> <span class='ocrx_word' id='word_1_74' title='bbox 1176 537 1339 573; x_wconf 84' lang='lat' dir='ltr'>argumenti</span> <span class='ocrx_word' id='word_1_75' title='bbox 1359 536 1495 570; x_wconf 81' lang='lat' dir='ltr'>reliquias</span> <span class='ocrx_word' id='word_1_76' title='bbox 1515 535 1651 567; x_wconf 77' lang='lat' dir='ltr'>continet,</span> <span class='ocrx_word' id='word_1_77' title='bbox 1679 533 1725 561; x_wconf 84' lang='lat' dir='ltr'>fol.</span> <span class='ocrx_word' id='word_1_78' title='bbox 1758 532 1804 559; x_wconf 83' lang='lat' dir='ltr'>llr</span> <span class='ocrx_word' id='word_1_79' title='bbox 1820 547 1854 551; x_wconf 97' lang='lat'>—</span> <span class='ocrx_word' id='word_1_80' title='bbox 1872 531 1936 558; x_wconf 56' lang='grc' dir='ltr'>13*ξι</span> <span class='ocrx_word' id='word_1_81' title='bbox 1957 531 2036 559; x_wconf 90' lang='lat' dir='ltr'>hunc</span> 
     </span>
     <span class='ocr_line' id='line_1_7' title="bbox 241 578 2036 622; baseline -0.004 -9"><span class='ocrx_word' id='word_1_82' title='bbox 241 585 390 613; x_wconf 81' lang='lat' dir='ltr'>Ciceronis</span> <span class='ocrx_word' id='word_1_83' title='bbox 413 586 542 613; x_wconf 88' lang='lat' dir='ltr'>libellum</span> <span class='ocrx_word' id='word_1_84' title='bbox 562 587 680 614; x_wconf 82' lang='lat' dir='ltr'>saeculo</span> <span class='ocrx_word' id='word_1_85' title='bbox 702 587 856 614; x_wconf 88' lang='lat' dir='ltr'>undecimo</span> <span class='ocrx_word' id='word_1_86' title='bbox 876 587 1017 622; x_wconf 83' lang='lat' dir='ltr'>scriptum</span> <span class='ocrx_word' id='word_1_87' title='bbox 1039 586 1133 612; x_wconf 82' lang='lat' dir='ltr'>inveni</span> <span class='ocrx_word' id='word_1_88' title='bbox 1154 594 1286 618; x_wconf 78' lang='lat' dir='ltr'>eumque.</span> <span class='ocrx_word' id='word_1_89' title='bbox 1314 584 1395 610; x_wconf 79' lang='lat' dir='ltr'>cuius</span> <span class='ocrx_word' id='word_1_90' title='bbox 1422 583 1582 610; x_wconf 83' lang='lat' dir='ltr'>auctoritas</span> <span class='ocrx_word' id='word_1_91' title='bbox 1609 582 1704 609; x_wconf 87' lang='lat' dir='ltr'>adhuc</span> <span class='ocrx_word' id='word_1_92' title='bbox 1727 589 1785 607; x_wconf 89' lang='lat' dir='ltr'>uno</span> <span class='ocrx_word' id='word_1_93' title='bbox 1806 580 1906 607; x_wconf 90' lang='lat' dir='ltr'>codice</span> <span class='ocrx_word' id='word_1_94' title='bbox 1926 578 2036 606; x_wconf 87' lang='lat' dir='ltr'>saeculi</span> 
     </span>
     <span class='ocr_line' id='line_1_8' title="bbox 239 625 2036 665; baseline -0.004 -6"><span class='ocrx_word' id='word_1_95' title='bbox 239 632 386 660; x_wconf 82' lang='lat' dir='ltr'>undecimi</span> <span class='ocrx_word' id='word_1_96' title='bbox 414 632 443 660; x_wconf 93' lang='lat' dir='ltr'>in</span> <span class='ocrx_word' id='word_1_97' title='bbox 470 632 648 660; x_wconf 88' lang='lat' dir='ltr'>monasterio</span> <span class='ocrx_word' id='word_1_98' title='bbox 674 632 702 660; x_wconf 93' lang='lat' dir='ltr'>S.</span> <span class='ocrx_word' id='word_1_99' title='bbox 724 632 850 660; x_wconf 85' lang='lat' dir='ltr'>Gallensi</span> <span class='ocrx_word' id='word_1_100' title='bbox 878 632 1034 660; x_wconf 83' lang='lat' dir='ltr'>adservato</span> <span class='ocrx_word' id='word_1_101' title='bbox 1061 640 1240 665; x_wconf 75' lang='lat' dir='ltr'>numeroque</span> <span class='ocrx_word' id='word_1_102' title='bbox 1267 630 1322 659; x_wconf 83' lang='lat'>818</span> <span class='ocrx_word' id='word_1_103' title='bbox 1349 630 1462 665; x_wconf 87' lang='lat' dir='ltr'>signato</span> <span class='ocrx_word' id='word_1_104' title='bbox 1490 628 1644 661; x_wconf 68' lang='lat' dir='ltr'>nitebatury</span> <span class='ocrx_word' id='word_1_105' title='bbox 1673 626 1839 656; x_wconf 81' lang='lat' dir='ltr'>accuratius</span> <span class='ocrx_word' id='word_1_106' title='bbox 1867 625 2036 653; x_wconf 86' lang='lat' dir='ltr'>examinare</span> 
     </span>
     <span class='ocr_line' id='line_1_9' title="bbox 240 671 2035 715; baseline -0.004 -10"><span class='ocrx_word' id='word_1_107' title='bbox 240 687 349 714; x_wconf 88' lang='lat' dir='ltr'>magna</span> <span class='ocrx_word' id='word_1_108' title='bbox 373 687 440 705; x_wconf 91' lang='lat' dir='ltr'>cum</span> <span class='ocrx_word' id='word_1_109' title='bbox 461 688 511 714; x_wconf 88' lang='lat' dir='ltr'>spe</span> <span class='ocrx_word' id='word_1_110' title='bbox 535 679 692 715; x_wconf 84' lang='lat' dir='ltr'>adgressus</span> <span class='ocrx_word' id='word_1_111' title='bbox 713 687 786 706; x_wconf 88' lang='lat' dir='ltr'>sum.</span> <span class='ocrx_word' id='word_1_112' title='bbox 827 679 908 714; x_wconf 84' lang='lat' dir='ltr'>Quae</span> <span class='ocrx_word' id='word_1_113' title='bbox 928 682 1026 706; x_wconf 83' lang='lat' dir='ltr'>tamen</span> <span class='ocrx_word' id='word_1_114' title='bbox 1048 686 1113 714; x_wconf 82' lang='lat' dir='ltr'>spes</span> <span class='ocrx_word' id='word_1_115' title='bbox 1133 686 1178 705; x_wconf 90' lang='lat' dir='ltr'>me</span> <span class='ocrx_word' id='word_1_116' title='bbox 1198 677 1311 705; x_wconf 81' lang='lat' dir='ltr'>fefellit:</span> <span class='ocrx_word' id='word_1_117' title='bbox 1340 685 1408 704; x_wconf 89' lang='lat' dir='ltr'>nam</span> <span class='ocrx_word' id='word_1_118' title='bbox 1432 675 1477 703; x_wconf 93' lang='lat' dir='ltr'>ille</span> <span class='ocrx_word' id='word_1_119' title='bbox 1502 675 1594 703; x_wconf 83' lang='lat' dir='ltr'>codex</span> <span class='ocrx_word' id='word_1_120' title='bbox 1620 682 1798 710; x_wconf 80' lang='lat' dir='ltr'>quamquam</span> <span class='ocrx_word' id='word_1_121' title='bbox 1823 672 1938 701; x_wconf 88' lang='lat' dir='ltr'>duobus</span> <span class='ocrx_word' id='word_1_122' title='bbox 1962 671 2035 699; x_wconf 88' lang='lat' dir='ltr'>locis</span> 
     </span>
     <span class='ocr_line' id='line_1_10' title="bbox 241 720 2038 761; baseline -0.003 -9"><span class='ocrx_word' id='word_1_123' title='bbox 241 725 299 759; x_wconf 83' lang='lat'>(3‚8</span> <span class='ocrx_word' id='word_1_124' title='bbox 320 735 346 761; x_wconf 92' lang='lat' dir='ltr'>p.</span> <span class='ocrx_word' id='word_1_125' title='bbox 369 726 434 752; x_wconf 68' lang='lat'>4:25</span> <span class='ocrx_word' id='word_1_126' title='bbox 456 728 642 752; x_wconf 66' lang='lat' dir='ltr'>incinerantur</span> <span class='ocrx_word' id='word_1_127' title='bbox 663 728 690 753; x_wconf 86' lang='lat' dir='ltr'>et</span> <span class='ocrx_word' id='word_1_128' title='bbox 713 726 776 759; x_wconf 60' lang='lat'>720</span> <span class='ocrx_word' id='word_1_129' title='bbox 796 736 822 761; x_wconf 92' lang='lat' dir='ltr'>p.</span> <span class='ocrx_word' id='word_1_130' title='bbox 845 726 907 753; x_wconf 63' lang='lat'>7119</span> <span class='ocrx_word' id='word_1_131' title='bbox 928 726 1000 753; x_wconf 72' lang='lat' dir='ltr'>euml</span> <span class='ocrx_word' id='word_1_132' title='bbox 1022 734 1105 752; x_wconf 90' lang='lat' dir='ltr'>unus.</span> <span class='ocrx_word' id='word_1_133' title='bbox 1127 727 1269 758; x_wconf 77' lang='lat' dir='ltr'>quantum</span> <span class='ocrx_word' id='word_1_134' title='bbox 1290 724 1357 751; x_wconf 86' lang='lat' dir='ltr'>scio.</span> <span class='ocrx_word' id='word_1_135' title='bbox 1386 723 1473 750; x_wconf 74' lang='lat' dir='ltr'>verba</span> <span class='ocrx_word' id='word_1_136' title='bbox 1495 722 1639 750; x_wconf 86' lang='lat' dir='ltr'>Ciceronis</span> <span class='ocrx_word' id='word_1_137' title='bbox 1664 723 1778 757; x_wconf 86' lang='lat' dir='ltr'>integra</span> <span class='ocrx_word' id='word_1_138' title='bbox 1798 724 1905 748; x_wconf 83' lang='lat' dir='ltr'>servat.</span> <span class='ocrx_word' id='word_1_139' title='bbox 1934 720 2038 756; x_wconf 83' lang='lat' dir='ltr'>paucis</span> 
     </span>
     <span class='ocr_line' id='line_1_11' title="bbox 243 767 2034 809; baseline -0.003 -10"><span class='ocrx_word' id='word_1_140' title='bbox 243 771 319 807; x_wconf 52' lang='lat'>(618</span> <span class='ocrx_word' id='word_1_141' title='bbox 340 781 367 809; x_wconf 90' lang='lat' dir='ltr'>p.</span> <span class='ocrx_word' id='word_1_142' title='bbox 391 771 435 800; x_wconf 61' lang='lat'>[2</span> <span class='ocrx_word' id='word_1_143' title='bbox 457 772 513 807; x_wconf 64' lang='lat' dir='ltr'>ipsi</span> <span class='ocrx_word' id='word_1_144' title='bbox 533 772 658 807; x_wconf 71' lang='lat' dir='ltr'>exhibet,</span> <span class='ocrx_word' id='word_1_145' title='bbox 680 782 738 801; x_wconf 90' lang='lat' dir='ltr'>non</span> <span class='ocrx_word' id='word_1_146' title='bbox 759 772 811 800; x_wconf 72' lang='lat' dir='ltr'>illi.</span> <span class='ocrx_word' id='word_1_147' title='bbox 833 772 897 801; x_wconf 66' lang='lat'>618</span> <span class='ocrx_word' id='word_1_148' title='bbox 918 783 944 808; x_wconf 92' lang='lat' dir='ltr'>p.</span> <span class='ocrx_word' id='word_1_149' title='bbox 967 772 1011 801; x_wconf 61' lang='lat'>75)</span> <span class='ocrx_word' id='word_1_150' title='bbox 1033 782 1090 800; x_wconf 88' lang='lat' dir='ltr'>non</span> <span class='ocrx_word' id='word_1_151' title='bbox 1111 771 1219 800; x_wconf 88' lang='lat' dir='ltr'>omittit</span> <span class='ocrx_word' id='word_1_152' title='bbox 1240 780 1332 807; x_wconf 75' lang='lat' dir='ltr'>quam,</span> <span class='ocrx_word' id='word_1_153' title='bbox 1353 771 1413 800; x_wconf 70' lang='lat'>721</span> <span class='ocrx_word' id='word_1_154' title='bbox 1436 781 1462 807; x_wconf 89' lang='lat' dir='ltr'>p.</span> <span class='ocrx_word' id='word_1_155' title='bbox 1478 770 1540 798; x_wconf 70' lang='lat'><em>7:25)</em></span> <span class='ocrx_word' id='word_1_156' title='bbox 1560 779 1617 798; x_wconf 90' lang='lat' dir='ltr'>non</span> <span class='ocrx_word' id='word_1_157' title='bbox 1637 769 1745 798; x_wconf 83' lang='lat' dir='ltr'>omittit</span> <span class='ocrx_word' id='word_1_158' title='bbox 1764 768 1847 801; x_wconf 52' lang='lat' dir='ltr'>dimit,</span> <span class='ocrx_word' id='word_1_159' title='bbox 1869 768 1933 798; x_wconf 70' lang='lat'>723</span> <span class='ocrx_word' id='word_1_160' title='bbox 1948 778 1973 805; x_wconf 86' lang='lat' dir='ltr'>p.</span> <span class='ocrx_word' id='word_1_161' title='bbox 1989 767 2034 798; x_wconf 59' lang='grc' dir='ltr'>Β]</span> 
     </span>
     <span class='ocr_line' id='line_1_12' title="bbox 240 817 2036 856; baseline -0.001 -11"><span class='ocrx_word' id='word_1_162' title='bbox 240 820 267 845; x_wconf 73' lang='grc' dir='ltr'>,ςιῖ</span> <span class='ocrx_word' id='word_1_163' title='bbox 289 822 318 845; x_wconf 77' lang='lat' dir='ltr'>ut</span> <span class='ocrx_word' id='word_1_164' title='bbox 340 820 467 851; x_wconf 81' lang='lat' dir='ltr'>exhibet,</span> <span class='ocrx_word' id='word_1_165' title='bbox 487 829 545 846; x_wconf 91' lang='lat' dir='ltr'>non</span> <span class='ocrx_word' id='word_1_166' title='bbox 565 820 647 848; x_wconf 65' lang='lat' dir='ltr'>sicut.</span> <span class='ocrx_word' id='word_1_167' title='bbox 678 820 742 847; x_wconf 73' lang='lat'>7:23</span> <span class='ocrx_word' id='word_1_168' title='bbox 756 830 782 856; x_wconf 88' lang='lat' dir='ltr'>p.</span> <span class='ocrx_word' id='word_1_169' title='bbox 797 821 843 847; x_wconf 52' lang='lat'>8³*</span> <span class='ocrx_word' id='word_1_170' title='bbox 865 829 921 846; x_wconf 92' lang='lat' dir='ltr'>non</span> <span class='ocrx_word' id='word_1_171' title='bbox 942 820 1049 846; x_wconf 85' lang='lat' dir='ltr'>omittit</span> <span class='ocrx_word' id='word_1_172' title='bbox 1070 822 1093 854; x_wconf 84' lang='lat' dir='ltr'>e)</span> <span class='ocrx_word' id='word_1_173' title='bbox 1123 819 1270 846; x_wconf 86' lang='lat' dir='ltr'>erroribus</span> <span class='ocrx_word' id='word_1_174' title='bbox 1295 819 1402 846; x_wconf 84' lang='lat' dir='ltr'>codicis</span> <span class='ocrx_word' id='word_1_175' title='bbox 1423 818 1451 846; x_wconf 88' lang='lat' dir='ltr'>S.</span> <span class='ocrx_word' id='word_1_176' title='bbox 1473 817 1612 846; x_wconf 84' lang='lat' dir='ltr'>Gallensis</span> <span class='ocrx_word' id='word_1_177' title='bbox 1633 820 1727 847; x_wconf 82' lang='lat' dir='ltr'>caret.</span> <span class='ocrx_word' id='word_1_178' title='bbox 1757 817 1835 844; x_wconf 91' lang='lat' dir='ltr'>nullo</span> <span class='ocrx_word' id='word_1_179' title='bbox 1863 817 1904 844; x_wconf 85' lang='lat' dir='ltr'>ita</span> <span class='ocrx_word' id='word_1_180' title='bbox 1926 818 2036 852; x_wconf 79' lang='lat' dir='ltr'>peccat,</span> 
     </span>
     <span class='ocr_line' id='line_1_13' title="bbox 242 863 2037 903; baseline -0.003 -9"><span class='ocrx_word' id='word_1_181' title='bbox 242 869 274 894; x_wconf 84' lang='lat' dir='ltr'>ut</span> <span class='ocrx_word' id='word_1_182' title='bbox 303 866 561 902; x_wconf 79' lang='lat' dir='ltr'>interpolationem</span> <span class='ocrx_word' id='word_1_183' title='bbox 589 867 685 903; x_wconf 81' lang='lat' dir='ltr'>sapiat</span> <span class='ocrx_word' id='word_1_184' title='bbox 715 866 771 902; x_wconf 59' lang='lat'>(25)</span> <span class='ocrx_word' id='word_1_185' title='bbox 793 877 818 902; x_wconf 94' lang='lat' dir='ltr'>p.</span> <span class='ocrx_word' id='word_1_186' title='bbox 840 867 885 896; x_wconf 56' lang='lat'>44</span> <span class='ocrx_word' id='word_1_187' title='bbox 906 866 1023 894; x_wconf 83' lang='lat' dir='ltr'>exhibet</span> <span class='ocrx_word' id='word_1_188' title='bbox 1044 866 1128 894; x_wconf 71' lang='lat' dir='ltr'>aliter</span> <span class='ocrx_word' id='word_1_189' title='bbox 1147 876 1200 902; x_wconf 88' lang='lat' dir='ltr'>pro</span> <span class='ocrx_word' id='word_1_190' title='bbox 1221 869 1321 893; x_wconf 70' lang='lat' dir='ltr'>autem.</span> <span class='ocrx_word' id='word_1_191' title='bbox 1350 866 1414 894; x_wconf 53' lang='lat'>410</span> <span class='ocrx_word' id='word_1_192' title='bbox 1434 876 1459 901; x_wconf 88' lang='lat' dir='ltr'>p.</span> <span class='ocrx_word' id='word_1_193' title='bbox 1480 865 1545 892; x_wconf 51' lang='lat'>510</span> <span class='ocrx_word' id='word_1_194' title='bbox 1564 865 1600 891; x_wconf 50' lang='lat' dir='ltr'>..s-st</span> <span class='ocrx_word' id='word_1_195' title='bbox 1622 874 1674 900; x_wconf 87' lang='lat' dir='ltr'>pro</span> <span class='ocrx_word' id='word_1_196' title='bbox 1690 864 1734 899; x_wconf 73' lang='lat' dir='ltr'>fit,</span> <span class='ocrx_word' id='word_1_197' title='bbox 1755 864 1820 897; x_wconf 85' lang='lat'>4.10</span> <span class='ocrx_word' id='word_1_198' title='bbox 1840 874 1867 900; x_wconf 85' lang='lat' dir='ltr'>p.</span> <span class='ocrx_word' id='word_1_199' title='bbox 1888 863 1953 891; x_wconf 81' lang='lat'>5.12</span> <span class='ocrx_word' id='word_1_200' title='bbox 1973 872 2037 890; x_wconf 79' lang='lat' dir='ltr'>con-</span> 
     </span>
     <span class='ocr_line' id='line_1_14' title="bbox 242 910 2038 949; baseline -0.001 -10"><span class='ocrx_word' id='word_1_201' title='bbox 242 913 350 939; x_wconf 71' lang='lat' dir='ltr'>locucio</span> <span class='ocrx_word' id='word_1_202' title='bbox 370 922 424 949; x_wconf 89' lang='lat' dir='ltr'>pro</span> <span class='ocrx_word' id='word_1_203' title='bbox 446 913 599 942; x_wconf 61' lang='lat' dir='ltr'>mulefato,</span> <span class='ocrx_word' id='word_1_204' title='bbox 621 913 685 940; x_wconf 80' lang='grc'><strong>6.17</strong></span> <span class='ocrx_word' id='word_1_205' title='bbox 707 923 733 949; x_wconf 89' lang='lat' dir='ltr'>p.</span> <span class='ocrx_word' id='word_1_206' title='bbox 755 914 817 940; x_wconf 67' lang='lat'>621</span> <span class='ocrx_word' id='word_1_207' title='bbox 839 922 867 939; x_wconf 68' lang='lat' dir='ltr'>se</span> <span class='ocrx_word' id='word_1_208' title='bbox 883 922 960 947; x_wconf 65' lang='lat' dir='ltr'>Imm)</span> <span class='ocrx_word' id='word_1_209' title='bbox 980 922 1033 949; x_wconf 88' lang='lat' dir='ltr'>pro</span> <span class='ocrx_word' id='word_1_210' title='bbox 1056 921 1166 947; x_wconf 69' lang='lat' dir='ltr'>repono,</span> <span class='ocrx_word' id='word_1_211' title='bbox 1188 913 1252 941; x_wconf 78' lang='lat'>6.18</span> <span class='ocrx_word' id='word_1_212' title='bbox 1272 922 1298 949; x_wconf 90' lang='lat' dir='ltr'>p.</span> <span class='ocrx_word' id='word_1_213' title='bbox 1321 913 1361 940; x_wconf 56' lang='lat'>21</span> <span class='ocrx_word' id='word_1_214' title='bbox 1386 921 1448 938; x_wconf 78' lang='lat' dir='ltr'>num</span> <span class='ocrx_word' id='word_1_215' title='bbox 1471 921 1523 948; x_wconf 89' lang='lat' dir='ltr'>pro</span> <span class='ocrx_word' id='word_1_216' title='bbox 1545 920 1638 945; x_wconf 70' lang='lat' dir='ltr'>totum,</span> <span class='ocrx_word' id='word_1_217' title='bbox 1660 911 1722 945; x_wconf 78' lang='lat'>7‚19</span> <span class='ocrx_word' id='word_1_218' title='bbox 1742 920 1769 947; x_wconf 90' lang='lat' dir='ltr'>p.</span> <span class='ocrx_word' id='word_1_219' title='bbox 1791 911 1854 944; x_wconf 76' lang='lat'>7,14</span> <span class='ocrx_word' id='word_1_220' title='bbox 1876 913 1905 937; x_wconf 77' lang='lat' dir='ltr'>ut</span> <span class='ocrx_word' id='word_1_221' title='bbox 1924 919 1978 947; x_wconf 85' lang='lat' dir='ltr'>pro</span> <span class='ocrx_word' id='word_1_222' title='bbox 1997 910 2038 944; x_wconf 79' lang='lat' dir='ltr'>in,</span> 
     </span>
     <span class='ocr_line' id='line_1_15' title="bbox 243 959 2037 996; baseline -0.001 -10"><span class='ocrx_word' id='word_1_223' title='bbox 243 959 308 993; x_wconf 66' lang='lat'>720</span> <span class='ocrx_word' id='word_1_224' title='bbox 328 969 355 995; x_wconf 92' lang='lat' dir='ltr'>p.</span> <span class='ocrx_word' id='word_1_225' title='bbox 379 960 443 993; x_wconf 54' lang='lat'>216</span> <span class='ocrx_word' id='word_1_226' title='bbox 464 959 550 987; x_wconf 68' lang='lat' dir='ltr'>Nune</span> <span class='ocrx_word' id='word_1_227' title='bbox 570 969 624 996; x_wconf 88' lang='lat' dir='ltr'>pro</span> <span class='ocrx_word' id='word_1_228' title='bbox 646 960 751 995; x_wconf 68' lang='lat' dir='ltr'>Hunc),</span> <span class='ocrx_word' id='word_1_229' title='bbox 778 963 875 987; x_wconf 88' lang='lat' dir='ltr'>tamen</span> <span class='ocrx_word' id='word_1_230' title='bbox 897 959 966 986; x_wconf 91' lang='lat' dir='ltr'>nihil</span> <span class='ocrx_word' id='word_1_231' title='bbox 988 960 1050 995; x_wconf 85' lang='lat' dir='ltr'>opis</span> <span class='ocrx_word' id='word_1_232' title='bbox 1072 960 1165 987; x_wconf 83' lang='lat' dir='ltr'>adfert</span> <span class='ocrx_word' id='word_1_233' title='bbox 1188 960 1227 986; x_wconf 88' lang='lat' dir='ltr'>eis</span> <span class='ocrx_word' id='word_1_234' title='bbox 1247 960 1326 987; x_wconf 85' lang='lat' dir='ltr'>locis.</span> <span class='ocrx_word' id='word_1_235' title='bbox 1348 960 1397 994; x_wconf 82' lang='lat' dir='ltr'>qui</span> <span class='ocrx_word' id='word_1_236' title='bbox 1418 960 1575 995; x_wconf 81' lang='lat' dir='ltr'>insignibus</span> <span class='ocrx_word' id='word_1_237' title='bbox 1596 959 1671 985; x_wconf 88' lang='lat' dir='ltr'>vitiis</span> <span class='ocrx_word' id='word_1_238' title='bbox 1693 959 1884 986; x_wconf 88' lang='lat' dir='ltr'>contaminati</span> <span class='ocrx_word' id='word_1_239' title='bbox 1904 960 1979 991; x_wconf 78' lang='lat' dir='ltr'>sunt,</span> <span class='ocrx_word' id='word_1_240' title='bbox 2007 960 2037 984; x_wconf 89' lang='lat' dir='ltr'>et</span> 
     </span>
     <span class='ocr_line' id='line_1_16' title="bbox 242 1004 2035 1042; baseline -0.001 -9"><span class='ocrx_word' id='word_1_241' title='bbox 242 1006 302 1033; x_wconf 85' lang='lat' dir='ltr'>fere</span> <span class='ocrx_word' id='word_1_242' title='bbox 324 1015 390 1033; x_wconf 90' lang='lat' dir='ltr'>cum</span> <span class='ocrx_word' id='word_1_243' title='bbox 412 1006 511 1034; x_wconf 87' lang='lat' dir='ltr'>codice</span> <span class='ocrx_word' id='word_1_244' title='bbox 532 1007 561 1034; x_wconf 86' lang='lat' dir='ltr'>S.</span> <span class='ocrx_word' id='word_1_245' title='bbox 583 1006 709 1034; x_wconf 88' lang='lat' dir='ltr'>Gallensi</span> <span class='ocrx_word' id='word_1_246' title='bbox 730 1006 887 1041; x_wconf 72' lang='lat' dir='ltr'>conspirat.</span> <span class='ocrx_word' id='word_1_247' title='bbox 916 1008 949 1033; x_wconf 85' lang='lat' dir='ltr'>ut</span> <span class='ocrx_word' id='word_1_248' title='bbox 977 1015 1026 1033; x_wconf 89' lang='lat' dir='ltr'>eos</span> <span class='ocrx_word' id='word_1_249' title='bbox 1047 1015 1082 1033; x_wconf 79' lang='lat' dir='ltr'>ex</span> <span class='ocrx_word' id='word_1_250' title='bbox 1103 1007 1205 1034; x_wconf 88' lang='lat' dir='ltr'>eodem</span> <span class='ocrx_word' id='word_1_251' title='bbox 1226 1006 1382 1041; x_wconf 66' lang='lat' dir='ltr'>archetypo</span> <span class='ocrx_word' id='word_1_252' title='bbox 1404 1006 1548 1042; x_wconf 78' lang='lat' dir='ltr'>profectos</span> <span class='ocrx_word' id='word_1_253' title='bbox 1569 1014 1630 1033; x_wconf 85' lang='lat' dir='ltr'>esse</span> <span class='ocrx_word' id='word_1_254' title='bbox 1650 1005 1800 1040; x_wconf 84' lang='lat' dir='ltr'>adpareat.</span> <span class='ocrx_word' id='word_1_255' title='bbox 1840 1005 1941 1039; x_wconf 82' lang='lat' dir='ltr'>Neque</span> <span class='ocrx_word' id='word_1_256' title='bbox 1969 1004 2035 1040; x_wconf 88' lang='lat' dir='ltr'>plus</span> 
     </span>
     <span class='ocr_line' id='line_1_17' title="bbox 242 1051 2038 1088; baseline -0.001 -8"><span class='ocrx_word' id='word_1_257' title='bbox 242 1053 354 1088; x_wconf 79' lang='lat' dir='ltr'>profuit</span> <span class='ocrx_word' id='word_1_258' title='bbox 374 1053 449 1080; x_wconf 85' lang='lat' dir='ltr'>alter</span> <span class='ocrx_word' id='word_1_259' title='bbox 469 1053 598 1080; x_wconf 88' lang='lat' dir='ltr'>eiusdem</span> <span class='ocrx_word' id='word_1_260' title='bbox 618 1052 813 1080; x_wconf 84' lang='lat' dir='ltr'>bibliothecae</span> <span class='ocrx_word' id='word_1_261' title='bbox 833 1052 925 1079; x_wconf 87' lang='lat' dir='ltr'>codex</span> <span class='ocrx_word' id='word_1_262' title='bbox 948 1052 1027 1080; x_wconf 74' lang='lat'>7704.</span> <span class='ocrx_word' id='word_1_263' title='bbox 1050 1061 1135 1086; x_wconf 80' lang='lat' dir='ltr'>quem</span> <span class='ocrx_word' id='word_1_264' title='bbox 1157 1053 1269 1083; x_wconf 80' lang='lat' dir='ltr'>deinde,</span> <span class='ocrx_word' id='word_1_265' title='bbox 1297 1061 1363 1079; x_wconf 87' lang='lat' dir='ltr'>cum</span> <span class='ocrx_word' id='word_1_266' title='bbox 1391 1052 1506 1079; x_wconf 87' lang='lat' dir='ltr'>saeculo</span> <span class='ocrx_word' id='word_1_267' title='bbox 1534 1052 1634 1086; x_wconf 80' lang='lat' dir='ltr'>quinto</span> <span class='ocrx_word' id='word_1_268' title='bbox 1663 1051 1774 1079; x_wconf 85' lang='lat' dir='ltr'>decimo</span> <span class='ocrx_word' id='word_1_269' title='bbox 1803 1051 1929 1088; x_wconf 84' lang='lat' dir='ltr'>scriptus</span> <span class='ocrx_word' id='word_1_270' title='bbox 1954 1053 2038 1085; x_wconf 75' lang='lat' dir='ltr'>esset,</span> 
     </span>
     <span class='ocr_line' id='line_1_18' title="bbox 244 1098 2039 1135; baseline -0.001 -9"><span class='ocrx_word' id='word_1_271' title='bbox 244 1108 395 1135; x_wconf 60' lang='lat' dir='ltr'>spemque</span> <span class='ocrx_word' id='word_1_272' title='bbox 417 1102 586 1134; x_wconf 82' lang='lat' dir='ltr'>metumque</span> <span class='ocrx_word' id='word_1_273' title='bbox 607 1100 683 1126; x_wconf 87' lang='lat' dir='ltr'>inter</span> <span class='ocrx_word' id='word_1_274' title='bbox 703 1100 793 1126; x_wconf 80' lang='lat' dir='ltr'>dubii·</span> <span class='ocrx_word' id='word_1_275' title='bbox 815 1099 1027 1126; x_wconf 74' lang='lat' dir='ltr'>consuluimus:</span> <span class='ocrx_word' id='word_1_276' title='bbox 1049 1100 1072 1126; x_wconf 91' lang='lat' dir='ltr'>is</span> <span class='ocrx_word' id='word_1_277' title='bbox 1094 1099 1185 1126; x_wconf 85' lang='lat' dir='ltr'>codex</span> <span class='ocrx_word' id='word_1_278' title='bbox 1207 1099 1273 1126; x_wconf 89' lang='lat' dir='ltr'>olim</span> <span class='ocrx_word' id='word_1_279' title='bbox 1294 1099 1432 1126; x_wconf 79' lang='lat' dir='ltr'>Ludovici</span> <span class='ocrx_word' id='word_1_280' title='bbox 1454 1099 1488 1126; x_wconf 92' lang='lat' dir='ltr'>de</span> <span class='ocrx_word' id='word_1_281' title='bbox 1510 1099 1632 1134; x_wconf 77' lang='lat' dir='ltr'>Targny.</span> <span class='ocrx_word' id='word_1_282' title='bbox 1657 1099 1706 1133; x_wconf 77' lang='lat' dir='ltr'>qui</span> <span class='ocrx_word' id='word_1_283' title='bbox 1727 1100 1792 1134; x_wconf 85' lang='lat' dir='ltr'>post</span> <span class='ocrx_word' id='word_1_284' title='bbox 1813 1098 1960 1126; x_wconf 82' lang='lat' dir='ltr'>Ciceronis</span> <span class='ocrx_word' id='word_1_285' title='bbox 1980 1101 2039 1125; x_wconf 85' lang='lat' dir='ltr'>tres</span> 
     </span>
     <span class='ocr_line' id='line_1_19' title="bbox 243 1145 2038 1181; baseline -0.001 -8"><span class='ocrx_word' id='word_1_286' title='bbox 243 1146 278 1173; x_wconf 87' lang='lat' dir='ltr'>de</span> <span class='ocrx_word' id='word_1_287' title='bbox 308 1148 425 1173; x_wconf 87' lang='lat' dir='ltr'>oratore</span> <span class='ocrx_word' id='word_1_288' title='bbox 453 1145 551 1173; x_wconf 73' lang='lat' dir='ltr'>libros</span> <span class='ocrx_word' id='word_1_289' title='bbox 580 1148 738 1173; x_wconf 83' lang='lat' dir='ltr'>oratorem.</span> <span class='ocrx_word' id='word_1_290' title='bbox 768 1146 890 1172; x_wconf 83' lang='lat' dir='ltr'>Brutum</span> <span class='ocrx_word' id='word_1_291' title='bbox 918 1145 965 1173; x_wconf 82' lang='lat' dir='ltr'>fol.</span> <span class='ocrx_word' id='word_1_292' title='bbox 988 1146 1055 1172; x_wconf 75' lang='lat' dir='ltr'>142r</span> <span class='ocrx_word' id='word_1_293' title='bbox 1072 1162 1105 1165; x_wconf 97' lang='lat'><strong>—</strong></span> <span class='ocrx_word' id='word_1_294' title='bbox 1122 1146 1204 1172; x_wconf 50' lang='lat' dir='ltr'>144vg</span> <span class='ocrx_word' id='word_1_295' title='bbox 1232 1145 1360 1172; x_wconf 89' lang='lat' dir='ltr'>libellum</span> <span class='ocrx_word' id='word_1_296' title='bbox 1389 1146 1423 1173; x_wconf 90' lang='lat' dir='ltr'>de</span> <span class='ocrx_word' id='word_1_297' title='bbox 1451 1146 1561 1181; x_wconf 90' lang='lat' dir='ltr'>optimo</span> <span class='ocrx_word' id='word_1_298' title='bbox 1588 1155 1692 1180; x_wconf 83' lang='lat' dir='ltr'>genere</span> <span class='ocrx_word' id='word_1_299' title='bbox 1721 1148 1872 1172; x_wconf 88' lang='lat' dir='ltr'>oratorum</span> <span class='ocrx_word' id='word_1_300' title='bbox 1900 1145 2038 1178; x_wconf 72' lang='lat' dir='ltr'>continety</span> 
     </span>
     <span class='ocr_line' id='line_1_20' title="bbox 243 1191 2037 1228; baseline -0.001 -9"><span class='ocrx_word' id='word_1_301' title='bbox 243 1195 327 1219; x_wconf 86' lang='lat' dir='ltr'>tanta</span> <span class='ocrx_word' id='word_1_302' title='bbox 355 1193 440 1227; x_wconf 83' lang='lat' dir='ltr'>copia</span> <span class='ocrx_word' id='word_1_303' title='bbox 468 1192 704 1228; x_wconf 87' lang='lat' dir='ltr'>corruptelarum</span> <span class='ocrx_word' id='word_1_304' title='bbox 732 1193 792 1219; x_wconf 81' lang='lat' dir='ltr'>sive</span> <span class='ocrx_word' id='word_1_305' title='bbox 820 1193 1032 1228; x_wconf 82' lang='lat' dir='ltr'>neglegentiam</span> <span class='ocrx_word' id='word_1_306' title='bbox 1056 1193 1169 1220; x_wconf 89' lang='lat' dir='ltr'>librarii</span> <span class='ocrx_word' id='word_1_307' title='bbox 1189 1192 1249 1219; x_wconf 79' lang='lat' dir='ltr'>sive</span> <span class='ocrx_word' id='word_1_308' title='bbox 1269 1191 1523 1228; x_wconf 81' lang='lat' dir='ltr'>interpolationem</span> <span class='ocrx_word' id='word_1_309' title='bbox 1544 1191 1735 1220; x_wconf 84' lang='lat' dir='ltr'>indicantium</span> <span class='ocrx_word' id='word_1_310' title='bbox 1755 1191 1895 1222; x_wconf 74' lang='lat' dir='ltr'>abundat,</span> <span class='ocrx_word' id='word_1_311' title='bbox 1924 1193 1956 1218; x_wconf 90' lang='lat' dir='ltr'>ut</span> <span class='ocrx_word' id='word_1_312' title='bbox 1982 1199 2037 1228; x_wconf 87' lang='lat' dir='ltr'>pro</span> 
     </span>
     <span class='ocr_line' id='line_1_21' title="bbox 244 1238 2039 1273; baseline -0.001 -8"><span class='ocrx_word' id='word_1_313' title='bbox 244 1243 325 1265; x_wconf 86' lang='lat' dir='ltr'>certo</span> <span class='ocrx_word' id='word_1_314' title='bbox 347 1239 504 1266; x_wconf 85' lang='lat' dir='ltr'>adfirmare</span> <span class='ocrx_word' id='word_1_315' title='bbox 525 1248 583 1265; x_wconf 88' lang='lat' dir='ltr'>non</span> <span class='ocrx_word' id='word_1_316' title='bbox 604 1240 738 1272; x_wconf 68' lang='lat' dir='ltr'>audeam,</span> <span class='ocrx_word' id='word_1_317' title='bbox 760 1239 865 1273; x_wconf 83' lang='lat' dir='ltr'>quibus</span> <span class='ocrx_word' id='word_1_318' title='bbox 885 1239 956 1266; x_wconf 88' lang='lat' dir='ltr'>locis</span> <span class='ocrx_word' id='word_1_319' title='bbox 976 1240 1005 1266; x_wconf 88' lang='lat' dir='ltr'>in</span> <span class='ocrx_word' id='word_1_320' title='bbox 1025 1240 1079 1266; x_wconf 91' lang='lat' dir='ltr'>hoc</span> <span class='ocrx_word' id='word_1_321' title='bbox 1100 1248 1157 1266; x_wconf 91' lang='lat' dir='ltr'>uno</span> <span class='ocrx_word' id='word_1_322' title='bbox 1178 1240 1276 1266; x_wconf 85' lang='lat' dir='ltr'>codice</span> <span class='ocrx_word' id='word_1_323' title='bbox 1298 1247 1365 1266; x_wconf 77' lang='lat' dir='ltr'>vera</span> <span class='ocrx_word' id='word_1_324' title='bbox 1386 1238 1531 1273; x_wconf 80' lang='lat' dir='ltr'>scriptura</span> <span class='ocrx_word' id='word_1_325' title='bbox 1552 1241 1633 1265; x_wconf 84' lang='lat' dir='ltr'>extat</span> <span class='ocrx_word' id='word_1_326' title='bbox 1659 1238 1714 1273; x_wconf 87' lang='grc'>(3.8</span> <span class='ocrx_word' id='word_1_327' title='bbox 1735 1248 1762 1273; x_wconf 92' lang='lat' dir='ltr'>p.</span> <span class='ocrx_word' id='word_1_328' title='bbox 1783 1239 1847 1271; x_wconf 63' lang='lat'>425</span> <span class='ocrx_word' id='word_1_329' title='bbox 1866 1238 1964 1265; x_wconf 74' lang='lat' dir='ltr'>dicant</span> <span class='ocrx_word' id='word_1_330' title='bbox 1985 1246 2039 1273; x_wconf 90' lang='lat' dir='ltr'>pro</span> 
     </span>
     <span class='ocr_line' id='line_1_22' title="bbox 242 1284 2039 1322; baseline 0.001 -11"><span class='ocrx_word' id='word_1_331' title='bbox 242 1284 349 1315; x_wconf 77' lang='lat' dir='ltr'>(licant.</span> <span class='ocrx_word' id='word_1_332' title='bbox 371 1284 417 1318; x_wconf 66' lang='lat' dir='ltr'>3,ss</span> <span class='ocrx_word' id='word_1_333' title='bbox 438 1294 464 1320; x_wconf 93' lang='lat' dir='ltr'>p.</span> <span class='ocrx_word' id='word_1_334' title='bbox 487 1285 550 1312; x_wconf 71' lang='lat'>4:27</span> <span class='ocrx_word' id='word_1_335' title='bbox 580 1287 646 1311; x_wconf 70' lang='lat' dir='ltr'>sunt</span> <span class='ocrx_word' id='word_1_336' title='bbox 667 1292 720 1321; x_wconf 85' lang='lat' dir='ltr'>pro</span> <span class='ocrx_word' id='word_1_337' title='bbox 741 1285 806 1312; x_wconf 72' lang='lat' dir='ltr'>sint.</span> <span class='ocrx_word' id='word_1_338' title='bbox 835 1285 899 1314; x_wconf 61' lang='lat' dir='ltr'>sssf)</span> <span class='ocrx_word' id='word_1_339' title='bbox 924 1294 951 1321; x_wconf 91' lang='lat' dir='ltr'>p.</span> <span class='ocrx_word' id='word_1_340' title='bbox 973 1285 1034 1313; x_wconf 81' lang='lat'>6.11</span> <span class='ocrx_word' id='word_1_341' title='bbox 1057 1284 1239 1312; x_wconf 72' lang='lat' dir='ltr'>arlme&#39;rmztur</span> <span class='ocrx_word' id='word_1_342' title='bbox 1260 1294 1312 1321; x_wconf 90' lang='lat' dir='ltr'>pro</span> <span class='ocrx_word' id='word_1_343' title='bbox 1333 1284 1501 1315; x_wconf 75' lang='lat' dir='ltr'>admiratur.</span> <span class='ocrx_word' id='word_1_344' title='bbox 1532 1285 1594 1313; x_wconf 66' lang='lat'>723</span> <span class='ocrx_word' id='word_1_345' title='bbox 1615 1295 1641 1322; x_wconf 91' lang='lat' dir='ltr'>p.</span> <span class='ocrx_word' id='word_1_346' title='bbox 1662 1285 1708 1321; x_wconf 77' lang='lat' dir='ltr'>8,ss</span> <span class='ocrx_word' id='word_1_347' title='bbox 1728 1294 1776 1322; x_wconf 73' lang='lat' dir='ltr'>eqo</span> <span class='ocrx_word' id='word_1_348' title='bbox 1796 1295 1849 1322; x_wconf 92' lang='lat' dir='ltr'>pro</span> <span class='ocrx_word' id='word_1_349' title='bbox 1870 1284 1953 1321; x_wconf 71' lang='lat' dir='ltr'>erqo),</span> <span class='ocrx_word' id='word_1_350' title='bbox 1975 1293 2039 1313; x_wconf 84' lang='lat' dir='ltr'>eam</span> 
     </span>
     <span class='ocr_line' id='line_1_23' title="bbox 247 1332 2039 1367; baseline -0.001 -8"><span class='ocrx_word' id='word_1_351' title='bbox 247 1342 264 1359; x_wconf 87' lang='lat' dir='ltr'>a</span> <span class='ocrx_word' id='word_1_352' title='bbox 285 1332 404 1359; x_wconf 86' lang='lat' dir='ltr'>meliore</span> <span class='ocrx_word' id='word_1_353' title='bbox 425 1332 559 1359; x_wconf 87' lang='lat' dir='ltr'>codicum</span> <span class='ocrx_word' id='word_1_354' title='bbox 580 1341 685 1367; x_wconf 81' lang='lat' dir='ltr'>genere</span> <span class='ocrx_word' id='word_1_355' title='bbox 706 1333 894 1367; x_wconf 87' lang='lat' dir='ltr'>repetendam</span> <span class='ocrx_word' id='word_1_356' title='bbox 915 1341 976 1359; x_wconf 91' lang='lat' dir='ltr'>esse</span> <span class='ocrx_word' id='word_1_357' title='bbox 998 1336 1026 1359; x_wconf 88' lang='lat' dir='ltr'>et</span> <span class='ocrx_word' id='word_1_358' title='bbox 1047 1342 1158 1361; x_wconf 86' lang='lat' dir='ltr'>verear.</span> <span class='ocrx_word' id='word_1_359' title='bbox 1196 1342 1231 1359; x_wconf 92' lang='lat' dir='ltr'>ne</span> <span class='ocrx_word' id='word_1_360' title='bbox 1261 1332 1372 1359; x_wconf 86' lang='lat' dir='ltr'>librarii</span> <span class='ocrx_word' id='word_1_361' title='bbox 1400 1333 1515 1367; x_wconf 86' lang='lat' dir='ltr'>ingenio</span> <span class='ocrx_word' id='word_1_362' title='bbox 1535 1333 1685 1365; x_wconf 79' lang='lat' dir='ltr'>debeatur,</span> <span class='ocrx_word' id='word_1_363' title='bbox 1713 1333 1781 1359; x_wconf 88' lang='lat' dir='ltr'>licet</span> <span class='ocrx_word' id='word_1_364' title='bbox 1807 1341 1864 1360; x_wconf 91' lang='lat' dir='ltr'>non</span> <span class='ocrx_word' id='word_1_365' title='bbox 1891 1333 1916 1359; x_wconf 90' lang='lat' dir='ltr'>is</span> <span class='ocrx_word' id='word_1_366' title='bbox 1943 1333 2039 1367; x_wconf 86' lang='lat' dir='ltr'>fuerit,</span> 
     </span>
     <span class='ocr_line' id='line_1_24' title="bbox 245 1378 2039 1415; baseline 0.001 -10"><span class='ocrx_word' id='word_1_367' title='bbox 245 1379 295 1413; x_wconf 80' lang='lat' dir='ltr'>qui</span> <span class='ocrx_word' id='word_1_368' title='bbox 322 1379 419 1414; x_wconf 89' lang='lat' dir='ltr'>ipsum</span> <span class='ocrx_word' id='word_1_369' title='bbox 448 1378 578 1405; x_wconf 86' lang='lat' dir='ltr'>codicem</span> <span class='ocrx_word' id='word_1_370' title='bbox 607 1378 771 1405; x_wconf 84' lang='lat' dir='ltr'>Parisinum</span> <span class='ocrx_word' id='word_1_371' title='bbox 799 1379 921 1414; x_wconf 78' lang='lat' dir='ltr'>scripsit.</span> <span class='ocrx_word' id='word_1_372' title='bbox 969 1379 1042 1406; x_wconf 86' lang='lat' dir='ltr'>Eum</span> <span class='ocrx_word' id='word_1_373' title='bbox 1072 1379 1147 1406; x_wconf 87' lang='lat' dir='ltr'>enim</span> <span class='ocrx_word' id='word_1_374' title='bbox 1175 1379 1348 1406; x_wconf 86' lang='lat' dir='ltr'>correctoris</span> <span class='ocrx_word' id='word_1_375' title='bbox 1377 1379 1488 1406; x_wconf 89' lang='lat' dir='ltr'>muneri</span> <span class='ocrx_word' id='word_1_376' title='bbox 1516 1379 1658 1415; x_wconf 86' lang='lat' dir='ltr'>imparem</span> <span class='ocrx_word' id='word_1_377' title='bbox 1685 1378 1771 1407; x_wconf 74' lang='lat' dir='ltr'>fuisse</span> <span class='ocrx_word' id='word_1_378' title='bbox 1800 1388 1893 1414; x_wconf 84' lang='lat' dir='ltr'>neque</span> <span class='ocrx_word' id='word_1_379' title='bbox 1921 1379 2039 1407; x_wconf 91' lang='lat' dir='ltr'>omnino</span> 
     </span>
     <span class='ocr_line' id='line_1_25' title="bbox 244 1425 2040 1462; baseline 0.001 -11"><span class='ocrx_word' id='word_1_380' title='bbox 244 1426 430 1458; x_wconf 75' lang='lat' dir='ltr'>intellexisse,</span> <span class='ocrx_word' id='word_1_381' title='bbox 452 1434 527 1458; x_wconf 85' lang='lat' dir='ltr'>quae</span> <span class='ocrx_word' id='word_1_382' title='bbox 548 1425 697 1458; x_wconf 73' lang='lat' dir='ltr'>scriberet.</span> <span class='ocrx_word' id='word_1_383' title='bbox 719 1434 753 1451; x_wconf 86' lang='lat' dir='ltr'>ex</span> <span class='ocrx_word' id='word_1_384' title='bbox 774 1425 872 1451; x_wconf 76' lang='lat' dir='ltr'>multis</span> <span class='ocrx_word' id='word_1_385' title='bbox 893 1427 973 1460; x_wconf 86' lang='lat' dir='ltr'>patet</span> <span class='ocrx_word' id='word_1_386' title='bbox 994 1426 1156 1460; x_wconf 80' lang='lat' dir='ltr'>scripturae</span> <span class='ocrx_word' id='word_1_387' title='bbox 1179 1426 1324 1454; x_wconf 82' lang='lat' dir='ltr'>monstris.</span> <span class='ocrx_word' id='word_1_388' title='bbox 1350 1434 1424 1460; x_wconf 83' lang='lat' dir='ltr'>quae</span> <span class='ocrx_word' id='word_1_389' title='bbox 1445 1434 1501 1453; x_wconf 87' lang='lat' dir='ltr'>non</span> <span class='ocrx_word' id='word_1_390' title='bbox 1522 1426 1582 1453; x_wconf 85' lang='lat' dir='ltr'>sine</span> <span class='ocrx_word' id='word_1_391' title='bbox 1603 1426 1701 1453; x_wconf 86' lang='lat' dir='ltr'>taedio</span> <span class='ocrx_word' id='word_1_392' title='bbox 1722 1428 1750 1453; x_wconf 88' lang='lat' dir='ltr'>et</span> <span class='ocrx_word' id='word_1_393' title='bbox 1774 1425 1842 1453; x_wconf 91' lang='lat' dir='ltr'>olim</span> <span class='ocrx_word' id='word_1_394' title='bbox 1869 1426 2040 1462; x_wconf 80' lang='lat' dir='ltr'>transcripsi</span> 
     </span>
     <span class='ocr_line' id='line_1_26' title="bbox 244 1471 2039 1508; baseline 0 -9"><span class='ocrx_word' id='word_1_395' title='bbox 244 1474 274 1500; x_wconf 87' lang='lat' dir='ltr'>et</span> <span class='ocrx_word' id='word_1_396' title='bbox 294 1481 371 1500; x_wconf 89' lang='lat' dir='ltr'>nunc</span> <span class='ocrx_word' id='word_1_397' title='bbox 392 1472 468 1507; x_wconf 72' lang='lat' dir='ltr'>typis</span> <span class='ocrx_word' id='word_1_398' title='bbox 490 1471 681 1499; x_wconf 86' lang='lat' dir='ltr'>describenda</span> <span class='ocrx_word' id='word_1_399' title='bbox 703 1471 812 1504; x_wconf 74' lang='lat' dir='ltr'>curavi.</span> <span class='ocrx_word' id='word_1_400' title='bbox 839 1480 905 1499; x_wconf 86' lang='lat' dir='ltr'>cum</span> <span class='ocrx_word' id='word_1_401' title='bbox 925 1471 1086 1507; x_wconf 90' lang='lat' dir='ltr'>periculum</span> <span class='ocrx_word' id='word_1_402' title='bbox 1107 1472 1152 1500; x_wconf 88' lang='lat' dir='ltr'>sit.</span> <span class='ocrx_word' id='word_1_403' title='bbox 1179 1482 1214 1499; x_wconf 92' lang='lat' dir='ltr'>ne</span> <span class='ocrx_word' id='word_1_404' title='bbox 1239 1472 1396 1508; x_wconf 88' lang='lat' dir='ltr'>legentium</span> <span class='ocrx_word' id='word_1_405' title='bbox 1422 1475 1549 1499; x_wconf 83' lang='lat' dir='ltr'>mentem</span> <span class='ocrx_word' id='word_1_406' title='bbox 1568 1481 1626 1499; x_wconf 86' lang='lat' dir='ltr'>non</span> <span class='ocrx_word' id='word_1_407' title='bbox 1648 1475 1763 1505; x_wconf 79' lang='lat' dir='ltr'>acuant,</span> <span class='ocrx_word' id='word_1_408' title='bbox 1789 1473 1841 1500; x_wconf 89' lang='lat' dir='ltr'>sed</span> <span class='ocrx_word' id='word_1_409' title='bbox 1867 1473 2039 1500; x_wconf 88' lang='lat' dir='ltr'>obtundant.</span> 
     </span>
     <span class='ocr_line' id='line_1_27' title="bbox 245 1517 2041 1555; baseline 0.001 -10"><span class='ocrx_word' id='word_1_410' title='bbox 245 1518 304 1545; x_wconf 84' lang='lat' dir='ltr'>Sed</span> <span class='ocrx_word' id='word_1_411' title='bbox 332 1518 370 1544; x_wconf 88' lang='lat' dir='ltr'>ab</span> <span class='ocrx_word' id='word_1_412' title='bbox 399 1518 495 1544; x_wconf 86' lang='lat' dir='ltr'>animo</span> <span class='ocrx_word' id='word_1_413' title='bbox 525 1526 590 1544; x_wconf 83' lang='lat' dir='ltr'>meo</span> <span class='ocrx_word' id='word_1_414' title='bbox 616 1525 674 1544; x_wconf 88' lang='lat' dir='ltr'>non</span> <span class='ocrx_word' id='word_1_415' title='bbox 694 1517 857 1552; x_wconf 77' lang='lat' dir='ltr'>impetravi.</span> <span class='ocrx_word' id='word_1_416' title='bbox 879 1519 911 1544; x_wconf 85' lang='lat' dir='ltr'>ut</span> <span class='ocrx_word' id='word_1_417' title='bbox 932 1518 1158 1553; x_wconf 81' lang='lat' dir='ltr'>discrepantiam</span> <span class='ocrx_word' id='word_1_418' title='bbox 1180 1518 1286 1545; x_wconf 89' lang='lat' dir='ltr'>codicis</span> <span class='ocrx_word' id='word_1_419' title='bbox 1309 1518 1519 1554; x_wconf 84' lang='lat' dir='ltr'>Vitebergensis</span> <span class='ocrx_word' id='word_1_420' title='bbox 1539 1521 1627 1553; x_wconf 60' lang='lat' dir='ltr'>(nunc</span> <span class='ocrx_word' id='word_1_421' title='bbox 1648 1518 1779 1546; x_wconf 86' lang='lat' dir='ltr'>Halensis</span> <span class='ocrx_word' id='word_1_422' title='bbox 1799 1518 1823 1546; x_wconf 91' lang='lat' dir='ltr'>Y</span> <span class='ocrx_word' id='word_1_423' title='bbox 1843 1527 1861 1555; x_wconf 88' lang='lat' dir='ltr'>g</span> <span class='ocrx_word' id='word_1_424' title='bbox 1881 1518 1936 1554; x_wconf 77' lang='lat'>24),</span> <span class='ocrx_word' id='word_1_425' title='bbox 1958 1519 2041 1547; x_wconf 85' lang='lat' dir='ltr'>cuius</span> 
     </span>
     <span class='ocr_line' id='line_1_28' title="bbox 247 1563 2041 1600; baseline 0.001 -8"><span class='ocrx_word' id='word_1_426' title='bbox 247 1569 387 1592; x_wconf 82' lang='lat' dir='ltr'>accurata</span> <span class='ocrx_word' id='word_1_427' title='bbox 409 1564 526 1591; x_wconf 87' lang='lat' dir='ltr'>collatio</span> <span class='ocrx_word' id='word_1_428' title='bbox 548 1566 629 1591; x_wconf 81' lang='lat' dir='ltr'>extat</span> <span class='ocrx_word' id='word_1_429' title='bbox 651 1565 679 1591; x_wconf 90' lang='lat' dir='ltr'>in</span> <span class='ocrx_word' id='word_1_430' title='bbox 700 1563 835 1591; x_wconf 89' lang='lat' dir='ltr'>Seebodii</span> <span class='ocrx_word' id='word_1_431' title='bbox 856 1564 964 1599; x_wconf 69' lang='lat' dir='ltr'>sylloge</span> <span class='ocrx_word' id='word_1_432' title='bbox 986 1565 1058 1591; x_wconf 67' lang='lat'>1829</span> <span class='ocrx_word' id='word_1_433' title='bbox 1079 1575 1106 1600; x_wconf 87' lang='lat' dir='ltr'>p.</span> <span class='ocrx_word' id='word_1_434' title='bbox 1122 1565 1182 1593; x_wconf 72' lang='lat'>1⁴8.</span> <span class='ocrx_word' id='word_1_435' title='bbox 1212 1565 1349 1592; x_wconf 84' lang='lat' dir='ltr'>adderem</span> <span class='ocrx_word' id='word_1_436' title='bbox 1377 1565 1421 1592; x_wconf 75' lang='lat' dir='ltr'>vel</span> <span class='ocrx_word' id='word_1_437' title='bbox 1449 1566 1630 1592; x_wconf 89' lang='lat' dir='ltr'>consulerem</span> <span class='ocrx_word' id='word_1_438' title='bbox 1658 1566 1788 1593; x_wconf 87' lang='lat' dir='ltr'>codicem</span> <span class='ocrx_word' id='word_1_439' title='bbox 1815 1566 1981 1593; x_wconf 86' lang='lat' dir='ltr'>Gudianum</span> <span class='ocrx_word' id='word_1_440' title='bbox 2004 1566 2041 1593; x_wconf 85' lang='lat'>38</span> 
     </span>
     <span class='ocr_line' id='line_1_29' title="bbox 245 1610 2041 1648; baseline 0.001 -10"><span class='ocrx_word' id='word_1_441' title='bbox 245 1610 438 1638; x_wconf 85' lang='lat' dir='ltr'>bibliothecae</span> <span class='ocrx_word' id='word_1_442' title='bbox 474 1610 716 1644; x_wconf 66' lang='lat' dir='ltr'>Guelferbytanae</span> <span class='ocrx_word' id='word_1_443' title='bbox 746 1619 762 1637; x_wconf 89' lang='lat' dir='ltr'>a</span> <span class='ocrx_word' id='word_1_444' title='bbox 793 1610 948 1638; x_wconf 89' lang='lat' dir='ltr'>Schuetzio</span> <span class='ocrx_word' id='word_1_445' title='bbox 982 1611 1050 1638; x_wconf 91' lang='lat' dir='ltr'>olim</span> <span class='ocrx_word' id='word_1_446' title='bbox 1080 1612 1242 1646; x_wconf 88' lang='lat' dir='ltr'>inspectum</span> <span class='ocrx_word' id='word_1_447' title='bbox 1273 1614 1301 1638; x_wconf 90' lang='lat' dir='ltr'>et</span> <span class='ocrx_word' id='word_1_448' title='bbox 1330 1613 1451 1647; x_wconf 88' lang='lat' dir='ltr'>propter</span> <span class='ocrx_word' id='word_1_449' title='bbox 1485 1611 1613 1639; x_wconf 86' lang='lat' dir='ltr'>&#39;vitiosas</span> <span class='ocrx_word' id='word_1_450' title='bbox 1649 1611 1893 1648; x_wconf 84' lang='lat' dir='ltr'>neglegentissimi</span> <span class='ocrx_word' id='word_1_451' title='bbox 1928 1611 2041 1640; x_wconf 85' lang='lat' dir='ltr'>librarii</span> 
     </span>
     <span class='ocr_line' id='line_1_30' title="bbox 244 1657 2040 1693; baseline 0.002 -9"><span class='ocrx_word' id='word_1_452' title='bbox 244 1658 416 1693; x_wconf 88' lang='lat' dir='ltr'>scripturas&#39;</span> <span class='ocrx_word' id='word_1_453' title='bbox 439 1657 595 1685; x_wconf 89' lang='lat' dir='ltr'>abiectum.</span> <span class='ocrx_word' id='word_1_454' title='bbox 625 1657 674 1691; x_wconf 81' lang='lat' dir='ltr'>qui</span> <span class='ocrx_word' id='word_1_455' title='bbox 702 1666 823 1693; x_wconf 78' lang='lat' dir='ltr'>prorsus</span> <span class='ocrx_word' id='word_1_456' title='bbox 846 1658 963 1685; x_wconf 86' lang='lat' dir='ltr'>eosdem</span> <span class='ocrx_word' id='word_1_457' title='bbox 984 1658 1129 1685; x_wconf 86' lang='lat' dir='ltr'>Ciceronis</span> <span class='ocrx_word' id='word_1_458' title='bbox 1150 1658 1240 1685; x_wconf 90' lang='lat' dir='ltr'>libros</span> <span class='ocrx_word' id='word_1_459' title='bbox 1261 1658 1376 1685; x_wconf 79' lang='lat' dir='ltr'>exhibet</span> <span class='ocrx_word' id='word_1_460' title='bbox 1398 1661 1486 1692; x_wconf 80' lang='lat' dir='ltr'>atque</span> <span class='ocrx_word' id='word_1_461' title='bbox 1507 1658 1656 1686; x_wconf 84' lang='lat' dir='ltr'>Parisinus</span> <span class='ocrx_word' id='word_1_462' title='bbox 1677 1658 1757 1686; x_wconf 77' lang='lat'>7704.</span> <span class='ocrx_word' id='word_1_463' title='bbox 1798 1659 1873 1686; x_wconf 87' lang='lat' dir='ltr'>Nam</span> <span class='ocrx_word' id='word_1_464' title='bbox 1899 1658 1953 1686; x_wconf 90' lang='lat' dir='ltr'>hos</span> <span class='ocrx_word' id='word_1_465' title='bbox 1980 1661 2040 1687; x_wconf 86' lang='lat' dir='ltr'>tres</span> 
     </span>
     <span class='ocr_line' id='line_1_31' title="bbox 244 1704 2040 1742; baseline 0.002 -11"><span class='ocrx_word' id='word_1_466' title='bbox 244 1704 360 1732; x_wconf 86' lang='lat' dir='ltr'>codices</span> <span class='ocrx_word' id='word_1_467' title='bbox 379 1713 415 1731; x_wconf 83' lang='lat' dir='ltr'>ex</span> <span class='ocrx_word' id='word_1_468' title='bbox 434 1704 538 1731; x_wconf 86' lang='lat' dir='ltr'>eodem</span> <span class='ocrx_word' id='word_1_469' title='bbox 557 1704 635 1731; x_wconf 81' lang='lat' dir='ltr'>fonte</span> <span class='ocrx_word' id='word_1_470' title='bbox 655 1704 829 1731; x_wconf 77' lang='lat' dir='ltr'>derivandos</span> <span class='ocrx_word' id='word_1_471' title='bbox 848 1713 909 1731; x_wconf 89' lang='lat' dir='ltr'>esse</span> <span class='ocrx_word' id='word_1_472' title='bbox 924 1704 1055 1739; x_wconf 83' lang='lat' dir='ltr'>plurimis</span> <span class='ocrx_word' id='word_1_473' title='bbox 1070 1705 1281 1740; x_wconf 82' lang='lat' dir='ltr'>comprobatur</span> <span class='ocrx_word' id='word_1_474' title='bbox 1295 1705 1380 1733; x_wconf 84' lang='lat' dir='ltr'>vitiis.</span> <span class='ocrx_word' id='word_1_475' title='bbox 1399 1713 1474 1739; x_wconf 86' lang='lat' dir='ltr'>quae</span> <span class='ocrx_word' id='word_1_476' title='bbox 1488 1706 1587 1732; x_wconf 85' lang='lat' dir='ltr'>tamen</span> <span class='ocrx_word' id='word_1_477' title='bbox 1600 1705 1660 1732; x_wconf 92' lang='lat' dir='ltr'>suis</span> <span class='ocrx_word' id='word_1_478' title='bbox 1675 1705 1797 1740; x_wconf 87' lang='lat' dir='ltr'>quisque</span> <span class='ocrx_word' id='word_1_479' title='bbox 1812 1707 1900 1740; x_wconf 86' lang='lat' dir='ltr'>atque</span> <span class='ocrx_word' id='word_1_480' title='bbox 1914 1706 2040 1742; x_wconf 82' lang='lat' dir='ltr'>propriis</span> 
     </span>
     <span class='ocr_line' id='line_1_32' title="bbox 244 1750 2040 1786; baseline 0.001 -9"><span class='ocrx_word' id='word_1_481' title='bbox 244 1751 334 1778; x_wconf 88' lang='lat' dir='ltr'>etiam</span> <span class='ocrx_word' id='word_1_482' title='bbox 355 1751 446 1777; x_wconf 85' lang='lat' dir='ltr'>auxit.</span> <span class='ocrx_word' id='word_1_483' title='bbox 478 1750 537 1778; x_wconf 88' lang='lat' dir='ltr'>Sed</span> <span class='ocrx_word' id='word_1_484' title='bbox 558 1751 646 1777; x_wconf 88' lang='lat' dir='ltr'>etiam</span> <span class='ocrx_word' id='word_1_485' title='bbox 667 1750 773 1777; x_wconf 87' lang='lat' dir='ltr'>horum</span> <span class='ocrx_word' id='word_1_486' title='bbox 793 1751 927 1777; x_wconf 86' lang='lat' dir='ltr'>codicum</span> <span class='ocrx_word' id='word_1_487' title='bbox 948 1751 1089 1785; x_wconf 86' lang='lat' dir='ltr'>originem</span> <span class='ocrx_word' id='word_1_488' title='bbox 1109 1760 1145 1778; x_wconf 88' lang='lat' dir='ltr'>ex</span> <span class='ocrx_word' id='word_1_489' title='bbox 1163 1751 1265 1778; x_wconf 88' lang='lat' dir='ltr'>eodem</span> <span class='ocrx_word' id='word_1_490' title='bbox 1281 1751 1438 1786; x_wconf 78' lang='lat' dir='ltr'>archetypo</span> <span class='ocrx_word' id='word_1_491' title='bbox 1453 1751 1641 1786; x_wconf 84' lang='lat' dir='ltr'>repetendam</span> <span class='ocrx_word' id='word_1_492' title='bbox 1656 1760 1717 1778; x_wconf 89' lang='lat' dir='ltr'>esse</span> <span class='ocrx_word' id='word_1_493' title='bbox 1731 1754 1820 1785; x_wconf 87' lang='lat' dir='ltr'>atque</span> <span class='ocrx_word' id='word_1_494' title='bbox 1834 1752 1863 1780; x_wconf 89' lang='lat' dir='ltr'>S.</span> <span class='ocrx_word' id='word_1_495' title='bbox 1878 1751 2040 1779; x_wconf 88' lang='lat' dir='ltr'>Gallensem</span> 
     </span>
     <span class='ocr_line' id='line_1_33' title="bbox 243 1796 2039 1833; baseline 0.001 -9"><span class='ocrx_word' id='word_1_496' title='bbox 243 1796 300 1825; x_wconf 82' lang='lat'>818</span> <span class='ocrx_word' id='word_1_497' title='bbox 320 1798 349 1824; x_wconf 88' lang='lat' dir='ltr'>et</span> <span class='ocrx_word' id='word_1_498' title='bbox 370 1796 537 1824; x_wconf 73' lang='lat' dir='ltr'>Pal-isinum</span> <span class='ocrx_word' id='word_1_499' title='bbox 560 1796 633 1823; x_wconf 79' lang='lat'><strong>7347</strong></span> <span class='ocrx_word' id='word_1_500' title='bbox 654 1796 768 1829; x_wconf 84' lang='lat' dir='ltr'>docent,</span> <span class='ocrx_word' id='word_1_501' title='bbox 789 1798 822 1823; x_wconf 85' lang='lat' dir='ltr'>ut</span> <span class='ocrx_word' id='word_1_502' title='bbox 842 1796 913 1824; x_wconf 87' lang='lat' dir='ltr'>alios</span> <span class='ocrx_word' id='word_1_503' title='bbox 934 1797 1076 1825; x_wconf 87' lang='lat' dir='ltr'>omittam.</span> <span class='ocrx_word' id='word_1_504' title='bbox 1098 1797 1127 1824; x_wconf 92' lang='lat' dir='ltr'>hi</span> <span class='ocrx_word' id='word_1_505' title='bbox 1148 1806 1273 1825; x_wconf 82' lang='lat' dir='ltr'>errores:</span> <span class='ocrx_word' id='word_1_506' title='bbox 1296 1797 1340 1831; x_wconf 62' lang='lat'>12</span> <span class='ocrx_word' id='word_1_507' title='bbox 1354 1807 1381 1833; x_wconf 86' lang='lat' dir='ltr'>p.</span> <span class='ocrx_word' id='word_1_508' title='bbox 1393 1797 1439 1826; x_wconf 76' lang='lat'>3.8</span> <span class='ocrx_word' id='word_1_509' title='bbox 1458 1797 1618 1824; x_wconf 75' lang='lat' dir='ltr'>hominibus</span> <span class='ocrx_word' id='word_1_510' title='bbox 1638 1797 1722 1824; x_wconf 76' lang='lat' dir='ltr'>deicit</span> <span class='ocrx_word' id='word_1_511' title='bbox 1742 1798 1807 1833; x_wconf 89' lang='lat' dir='ltr'>(pro</span> <span class='ocrx_word' id='word_1_512' title='bbox 1827 1798 1862 1825; x_wconf 84' lang='lat' dir='ltr'>de</span> <span class='ocrx_word' id='word_1_513' title='bbox 1879 1798 2039 1825; x_wconf 77' lang='lat' dir='ltr'>hominibus</span> 
     </span>
     <span class='ocr_line' id='line_1_34' title="bbox 243 1842 2040 1881; baseline 0.003 -12"><span class='ocrx_word' id='word_1_514' title='bbox 243 1842 335 1876; x_wconf 71' lang='lat' dir='ltr'>dicit),</span> <span class='ocrx_word' id='word_1_515' title='bbox 361 1842 407 1871; x_wconf 64' lang='lat'>26</span> <span class='ocrx_word' id='word_1_516' title='bbox 428 1852 454 1878; x_wconf 91' lang='lat' dir='ltr'>p.</span> <span class='ocrx_word' id='word_1_517' title='bbox 477 1843 542 1871; x_wconf 53' lang='lat'>⁴20</span> <span class='ocrx_word' id='word_1_518' title='bbox 562 1842 756 1876; x_wconf 71' lang='lat' dir='ltr'>peritissimus</span> <span class='ocrx_word' id='word_1_519' title='bbox 781 1849 845 1878; x_wconf 58' lang='lat' dir='ltr'>(pro</span> <span class='ocrx_word' id='word_1_520' title='bbox 860 1842 1103 1878; x_wconf 64' lang='lat' dir='ltr'>Jae21fec¹tesse&#39;›111‹s)‚</span> <span class='ocrx_word' id='word_1_521' title='bbox 1129 1843 1174 1878; x_wconf 72' lang='lat'>3,8</span> <span class='ocrx_word' id='word_1_522' title='bbox 1200 1853 1226 1879; x_wconf 88' lang='lat' dir='ltr'>p.</span> <span class='ocrx_word' id='word_1_523' title='bbox 1246 1844 1310 1872; x_wconf 75' lang='lat'>425</span> <span class='ocrx_word' id='word_1_524' title='bbox 1330 1853 1387 1879; x_wconf 76' lang='lat' dir='ltr'>qua</span> <span class='ocrx_word' id='word_1_525' title='bbox 1407 1847 1487 1871; x_wconf 76' lang='lat' dir='ltr'>tenus</span> <span class='ocrx_word' id='word_1_526' title='bbox 1513 1845 1577 1880; x_wconf 80' lang='lat' dir='ltr'>(pro</span> <span class='ocrx_word' id='word_1_527' title='bbox 1602 1845 1652 1879; x_wconf 65' lang='lat' dir='ltr'>que?</span> <span class='ocrx_word' id='word_1_528' title='bbox 1675 1844 1812 1879; x_wconf 78' lang='lat' dir='ltr'>eatenus),</span> <span class='ocrx_word' id='word_1_529' title='bbox 1837 1845 1901 1873; x_wconf 58' lang='lat'>525</span> <span class='ocrx_word' id='word_1_530' title='bbox 1926 1855 1954 1881; x_wconf 88' lang='lat' dir='ltr'>p.</span> <span class='ocrx_word' id='word_1_531' title='bbox 1975 1846 2040 1875; x_wconf 84' lang='lat'>6.13</span> 
     </span>
     <span class='ocr_line' id='line_1_35' title="bbox 243 1889 2039 1927; baseline 0.003 -12"><span class='ocrx_word' id='word_1_532' title='bbox 243 1890 429 1916; x_wconf 71' lang='lat' dir='ltr'>concitantem</span> <span class='ocrx_word' id='word_1_533' title='bbox 453 1894 517 1925; x_wconf 74' lang='lat' dir='ltr'>(pro</span> <span class='ocrx_word' id='word_1_534' title='bbox 537 1889 698 1923; x_wconf 73' lang='lat' dir='ltr'>concitare),</span> <span class='ocrx_word' id='word_1_535' title='bbox 727 1889 791 1916; x_wconf 82' lang='lat'>6.16</span> <span class='ocrx_word' id='word_1_536' title='bbox 813 1898 839 1924; x_wconf 69' lang='lat' dir='ltr'>p.</span> <span class='ocrx_word' id='word_1_537' title='bbox 860 1889 924 1923; x_wconf 80' lang='lat'>6,18</span> <span class='ocrx_word' id='word_1_538' title='bbox 945 1890 973 1916; x_wconf 84' lang='lat' dir='ltr'>in</span> <span class='ocrx_word' id='word_1_539' title='bbox 996 1889 1060 1925; x_wconf 89' lang='lat' dir='ltr'>(pro</span> <span class='ocrx_word' id='word_1_540' title='bbox 1080 1890 1145 1924; x_wconf 73' lang='lat' dir='ltr'>sin),</span> <span class='ocrx_word' id='word_1_541' title='bbox 1172 1890 1235 1918; x_wconf 51' lang='lat'>627</span> <span class='ocrx_word' id='word_1_542' title='bbox 1259 1900 1286 1926; x_wconf 81' lang='lat' dir='ltr'>p.</span> <span class='ocrx_word' id='word_1_543' title='bbox 1307 1890 1372 1918; x_wconf 67' lang='lat'>6:20</span> <span class='ocrx_word' id='word_1_544' title='bbox 1395 1890 1586 1918; x_wconf 68' lang='lat' dir='ltr'>doctissimum</span> <span class='ocrx_word' id='word_1_545' title='bbox 1616 1890 1681 1927; x_wconf 92' lang='lat' dir='ltr'>(pro</span> <span class='ocrx_word' id='word_1_546' title='bbox 1706 1890 1783 1918; x_wconf 73' lang='lat' dir='ltr'>docti</span> <span class='ocrx_word' id='word_1_547' title='bbox 1806 1892 1954 1927; x_wconf 77' lang='lat' dir='ltr'>summum)</span> <span class='ocrx_word' id='word_1_548' title='bbox 1975 1892 2039 1927; x_wconf 87' lang='lat'>6,18</span> 
     </span>
     <span class='ocr_line' id='line_1_36' title="bbox 244 1935 1282 1972; baseline 0.001 -10"><span class='ocrx_word' id='word_1_549' title='bbox 244 1946 271 1971; x_wconf 93' lang='lat' dir='ltr'>p.</span> <span class='ocrx_word' id='word_1_550' title='bbox 294 1936 336 1964; x_wconf 87' lang='lat'>7.1</span> <span class='ocrx_word' id='word_1_551' title='bbox 360 1935 474 1962; x_wconf 79' lang='lat' dir='ltr'>uerbum</span> <span class='ocrx_word' id='word_1_552' title='bbox 498 1936 562 1970; x_wconf 88' lang='lat' dir='ltr'>(pro</span> <span class='ocrx_word' id='word_1_553' title='bbox 586 1935 700 1970; x_wconf 66' lang='lat' dir='ltr'>verton).</span> <span class='ocrx_word' id='word_1_554' title='bbox 724 1935 786 1962; x_wconf 57' lang='lat'>219</span> <span class='ocrx_word' id='word_1_555' title='bbox 807 1945 833 1970; x_wconf 89' lang='lat' dir='ltr'>p.</span> <span class='ocrx_word' id='word_1_556' title='bbox 856 1936 919 1968; x_wconf 80' lang='lat'><strong>7,12</strong></span> <span class='ocrx_word' id='word_1_557' title='bbox 939 1936 1058 1970; x_wconf 68' lang='lat' dir='ltr'>deosque</span> <span class='ocrx_word' id='word_1_558' title='bbox 1078 1936 1142 1972; x_wconf 88' lang='lat' dir='ltr'>(pro</span> <span class='ocrx_word' id='word_1_559' title='bbox 1163 1938 1282 1971; x_wconf 49' lang='lat' dir='ltr'>eosque).</span> 
     </span>
    </p>

    <p class='ocr_par' dir='ltr' id='par_1_2' title="bbox 241 1983 2039 2159">
     <span class='ocr_line' id='line_1_37' title="bbox 413 1983 2039 2023; baseline 0.002 -12"><span class='ocrx_word' id='word_1_560' title='bbox 413 1983 524 2011; x_wconf 83' lang='lat' dir='ltr'>Restat.</span> <span class='ocrx_word' id='word_1_561' title='bbox 546 1985 578 2010; x_wconf 87' lang='lat' dir='ltr'>ut</span> <span class='ocrx_word' id='word_1_562' title='bbox 600 1991 826 2010; x_wconf 88' lang='lat' dir='ltr'>commemorem</span> <span class='ocrx_word' id='word_1_563' title='bbox 847 1984 988 2016; x_wconf 82' lang='lat' dir='ltr'>quattuor</span> <span class='ocrx_word' id='word_1_564' title='bbox 1008 1983 1174 2010; x_wconf 81' lang='lat' dir='ltr'>testimonia</span> <span class='ocrx_word' id='word_1_565' title='bbox 1196 1983 1281 2010; x_wconf 87' lang='lat' dir='ltr'>huius</span> <span class='ocrx_word' id='word_1_566' title='bbox 1300 1983 1387 2011; x_wconf 90' lang='lat' dir='ltr'>libelli</span> <span class='ocrx_word' id='word_1_567' title='bbox 1408 1984 1466 2011; x_wconf 82' lang='lat' dir='ltr'>iam</span> <span class='ocrx_word' id='word_1_568' title='bbox 1487 1984 1566 2020; x_wconf 88' lang='lat' dir='ltr'>apud</span> <span class='ocrx_word' id='word_1_569' title='bbox 1587 1987 1699 2012; x_wconf 85' lang='lat' dir='ltr'>veteres</span> <span class='ocrx_word' id='word_1_570' title='bbox 1719 1985 1852 2013; x_wconf 85' lang='lat' dir='ltr'>inveniri:</span> <span class='ocrx_word' id='word_1_571' title='bbox 1874 1986 1941 2014; x_wconf 83' lang='lat' dir='ltr'>bina</span> <span class='ocrx_word' id='word_1_572' title='bbox 1960 1988 2039 2023; x_wconf 89' lang='lat' dir='ltr'>apud</span> 
     </span>
     <span class='ocr_line' id='line_1_38' title="bbox 242 2029 2037 2069; baseline 0.002 -12"><span class='ocrx_word' id='word_1_573' title='bbox 242 2030 409 2058; x_wconf 80' lang='lat' dir='ltr'>Charisium</span> <span class='ocrx_word' id='word_1_574' title='bbox 435 2030 663 2066; x_wconf 82' lang='lat' dir='ltr'>grammaticum</span> <span class='ocrx_word' id='word_1_575' title='bbox 688 2029 744 2063; x_wconf 81' lang='grc'><strong>(1.2</strong></span> <span class='ocrx_word' id='word_1_576' title='bbox 765 2040 799 2052; x_wconf 85' lang='grc'>---·</span> <span class='ocrx_word' id='word_1_577' title='bbox 822 2029 846 2055; x_wconf 91' lang='grc' dir='ltr'>ΙΙ</span> <span class='ocrx_word' id='word_1_578' title='bbox 868 2038 894 2064; x_wconf 89' lang='lat' dir='ltr'>p.</span> <span class='ocrx_word' id='word_1_579' title='bbox 917 2030 996 2057; x_wconf 55' lang='lat'>1991</span> <span class='ocrx_word' id='word_1_580' title='bbox 1024 2030 1056 2056; x_wconf 85' lang='lat' dir='ltr'>K.</span> <span class='ocrx_word' id='word_1_581' title='bbox 1083 2032 1110 2056; x_wconf 81' lang='lat' dir='ltr'>et</span> <span class='ocrx_word' id='word_1_582' title='bbox 1136 2030 1180 2057; x_wconf 62' lang='lat'>2⁴</span> <span class='ocrx_word' id='word_1_583' title='bbox 1203 2041 1237 2053; x_wconf 91' lang='lat'><strong><em>=</em></strong></span> <span class='ocrx_word' id='word_1_584' title='bbox 1258 2030 1283 2057; x_wconf 89' lang='lat'>11</span> <span class='ocrx_word' id='word_1_585' title='bbox 1305 2040 1331 2066; x_wconf 91' lang='lat' dir='ltr'>p.</span> <span class='ocrx_word' id='word_1_586' title='bbox 1354 2031 1435 2063; x_wconf 77' lang='lat' dir='ltr'><strong>199,ss</strong></span> <span class='ocrx_word' id='word_1_587' title='bbox 1454 2031 1500 2058; x_wconf 58' lang='lat' dir='ltr'>K)</span> <span class='ocrx_word' id='word_1_588' title='bbox 1525 2033 1553 2058; x_wconf 89' lang='lat' dir='ltr'>et</span> <span class='ocrx_word' id='word_1_589' title='bbox 1577 2031 1657 2067; x_wconf 87' lang='lat' dir='ltr'>apud</span> <span class='ocrx_word' id='word_1_590' title='bbox 1681 2031 1709 2060; x_wconf 86' lang='lat' dir='ltr'>S.</span> <span class='ocrx_word' id='word_1_591' title='bbox 1732 2031 1937 2066; x_wconf 87' lang='lat' dir='ltr'>Hieronymum</span> <span class='ocrx_word' id='word_1_592' title='bbox 1963 2034 2037 2069; x_wconf 80' lang='lat'>(5.14</span> 
     </span>
     <span class='ocr_line' id='line_1_39' title="bbox 242 2075 2038 2112; baseline 0.002 -8"><span class='ocrx_word' id='word_1_593' title='bbox 242 2080 271 2104; x_wconf 87' lang='lat' dir='ltr'>et</span> <span class='ocrx_word' id='word_1_594' title='bbox 293 2077 318 2105; x_wconf 77' lang='lat'>7,</span> <span class='ocrx_word' id='word_1_595' title='bbox 339 2076 376 2103; x_wconf 75' lang='lat'>23</span> <span class='ocrx_word' id='word_1_596' title='bbox 396 2088 431 2100; x_wconf 93' lang='lat'>=</span> <span class='ocrx_word' id='word_1_597' title='bbox 453 2076 491 2104; x_wconf 86' lang='lat' dir='ltr'>ad</span> <span class='ocrx_word' id='word_1_598' title='bbox 512 2075 681 2104; x_wconf 77' lang='lat' dir='ltr'>Paxnmach.</span> <span class='ocrx_word' id='word_1_599' title='bbox 698 2075 760 2103; x_wconf 85' lang='lat'>1111.</span> <span class='ocrx_word' id='word_1_600' title='bbox 781 2075 798 2102; x_wconf 76' lang='lat'><em>2</em></span> <span class='ocrx_word' id='word_1_601' title='bbox 819 2085 845 2111; x_wconf 93' lang='lat' dir='ltr'>p.</span> <span class='ocrx_word' id='word_1_602' title='bbox 867 2076 922 2102; x_wconf 77' lang='lat'>250</span> <span class='ocrx_word' id='word_1_603' title='bbox 943 2075 1035 2110; x_wconf 89' lang='lat' dir='ltr'>Ben.):</span> <span class='ocrx_word' id='word_1_604' title='bbox 1067 2086 1142 2110; x_wconf 82' lang='lat' dir='ltr'>quae</span> <span class='ocrx_word' id='word_1_605' title='bbox 1167 2080 1265 2104; x_wconf 84' lang='lat' dir='ltr'>tamen</span> <span class='ocrx_word' id='word_1_606' title='bbox 1290 2078 1484 2105; x_wconf 88' lang='lat' dir='ltr'>transcribere</span> <span class='ocrx_word' id='word_1_607' title='bbox 1505 2078 1592 2106; x_wconf 90' lang='lat' dir='ltr'>nolui.</span> <span class='ocrx_word' id='word_1_608' title='bbox 1621 2079 1759 2112; x_wconf 82' lang='lat' dir='ltr'>quoniam</span> <span class='ocrx_word' id='word_1_609' title='bbox 1784 2088 1818 2106; x_wconf 90' lang='lat' dir='ltr'>ex</span> <span class='ocrx_word' id='word_1_610' title='bbox 1843 2080 1917 2107; x_wconf 87' lang='lat' dir='ltr'>illius</span> <span class='ocrx_word' id='word_1_611' title='bbox 1943 2081 2038 2109; x_wconf 83' lang='lat' dir='ltr'>verbis</span> 
     </span>
     <span class='ocr_line' id='line_1_40' title="bbox 241 2122 1470 2159; baseline 0 -9"><span class='ocrx_word' id='word_1_612' title='bbox 241 2123 312 2150; x_wconf 91' lang='lat' dir='ltr'>nihil</span> <span class='ocrx_word' id='word_1_613' title='bbox 333 2123 510 2159; x_wconf 82' lang='lat' dir='ltr'>proficimus.</span> <span class='ocrx_word' id='word_1_614' title='bbox 532 2123 619 2150; x_wconf 87' lang='lat' dir='ltr'>huius</span> <span class='ocrx_word' id='word_1_615' title='bbox 639 2123 786 2157; x_wconf 87' lang='lat' dir='ltr'>scriptura</span> <span class='ocrx_word' id='word_1_616' title='bbox 807 2122 903 2149; x_wconf 88' lang='lat' dir='ltr'>adhuc</span> <span class='ocrx_word' id='word_1_617' title='bbox 923 2122 1114 2149; x_wconf 88' lang='lat' dir='ltr'>fundamento</span> <span class='ocrx_word' id='word_1_618' title='bbox 1135 2123 1238 2150; x_wconf 88' lang='lat' dir='ltr'>nititur</span> <span class='ocrx_word' id='word_1_619' title='bbox 1258 2132 1362 2159; x_wconf 80' lang='lat' dir='ltr'>parum</span> <span class='ocrx_word' id='word_1_620' title='bbox 1383 2126 1470 2151; x_wconf 81' lang='lat' dir='ltr'>certo.</span> 
     </span>
    </p>
   </div>
   <div class='ocr_carea' id='block_1_2' title="bbox 882 2179 1398 2483">
    <p class='ocr_par' dir='ltr' id='par_1_3' title="bbox 882 2179 1398 2483">
     <span class='ocr_line' id='line_1_41' title="bbox 968 2179 1321 2214; baseline 0.003 -8"><span class='ocrx_word' id='word_1_621' title='bbox 968 2179 1113 2206; x_wconf 86' lang='lat' dir='ltr'>Notarum</span> <span class='ocrx_word' id='word_1_622' title='bbox 1135 2183 1321 2214; x_wconf 88' lang='lat' dir='ltr'>conspectus:</span> 
     </span>
     <span class='ocr_line' id='line_1_42' title="bbox 882 2224 1398 2254; baseline 0.004 -2"><span class='ocrx_word' id='word_1_623' title='bbox 882 2225 928 2252; x_wconf 76' lang='lat' dir='ltr'>A:</span> <span class='ocrx_word' id='word_1_624' title='bbox 959 2225 1092 2252; x_wconf 87' lang='lat' dir='ltr'>codicum</span> <span class='ocrx_word' id='word_1_625' title='bbox 1114 2224 1215 2253; x_wconf 76' lang='lat' dir='ltr'>GPT</span> <span class='ocrx_word' id='word_1_626' title='bbox 1233 2235 1398 2254; x_wconf 70' lang='lat' dir='ltr'>consensus</span> 
     </span>
     <span class='ocr_line' id='line_1_43' title="bbox 884 2272 1314 2299; baseline 0.005 -2"><span class='ocrx_word' id='word_1_627' title='bbox 884 2272 926 2297; x_wconf 88' lang='lat' dir='ltr'>G:</span> <span class='ocrx_word' id='word_1_628' title='bbox 957 2272 1019 2298; x_wconf 90' lang='lat' dir='ltr'>cod.</span> <span class='ocrx_word' id='word_1_629' title='bbox 1041 2273 1069 2299; x_wconf 87' lang='lat' dir='ltr'>S.</span> <span class='ocrx_word' id='word_1_630' title='bbox 1091 2272 1232 2299; x_wconf 85' lang='lat' dir='ltr'>Gallensis</span> <span class='ocrx_word' id='word_1_631' title='bbox 1252 2273 1314 2299; x_wconf 80' lang='lat'>818.</span> 
     </span>
     <span class='ocr_line' id='line_1_44' title="bbox 884 2316 1290 2345; baseline 0.005 -2"><span class='ocrx_word' id='word_1_632' title='bbox 884 2316 924 2343; x_wconf 84' lang='lat'>1’:</span> <span class='ocrx_word' id='word_1_633' title='bbox 955 2318 1018 2345; x_wconf 94' lang='lat' dir='ltr'>cod.</span> <span class='ocrx_word' id='word_1_634' title='bbox 1040 2318 1189 2345; x_wconf 87' lang='lat' dir='ltr'>Parisinus</span> <span class='ocrx_word' id='word_1_635' title='bbox 1210 2319 1290 2345; x_wconf 75' lang='lat'>7347.</span> 
     </span>
     <span class='ocr_line' id='line_1_45' title="bbox 885 2363 1289 2391; baseline 0 -1"><span class='ocrx_word' id='word_1_636' title='bbox 885 2363 923 2390; x_wconf 86' lang='lat' dir='ltr'>T:</span> <span class='ocrx_word' id='word_1_637' title='bbox 954 2364 1016 2390; x_wconf 82' lang='lat' dir='ltr'>cod.</span> <span class='ocrx_word' id='word_1_638' title='bbox 1038 2364 1188 2391; x_wconf 84' lang='lat' dir='ltr'>Parisinus</span> <span class='ocrx_word' id='word_1_639' title='bbox 1210 2364 1289 2390; x_wconf 73' lang='lat'>7704.</span> 
     </span>
     <span class='ocr_line' id='line_1_46' title="bbox 887 2408 1265 2447; baseline 0.005 -11"><span class='ocrx_word' id='word_1_640' title='bbox 887 2408 925 2436; x_wconf 88' lang='lat' dir='ltr'>J:</span> <span class='ocrx_word' id='word_1_641' title='bbox 956 2410 1069 2437; x_wconf 89' lang='lat' dir='ltr'>codices</span> <span class='ocrx_word' id='word_1_642' title='bbox 1090 2411 1265 2447; x_wconf 86' lang='lat' dir='ltr'>interpolati.</span> 
     </span>
     <span class='ocr_line' id='line_1_47' title="bbox 882 2456 1164 2483; baseline 0.004 -1"><span class='ocrx_word' id='word_1_643' title='bbox 882 2463 923 2482; x_wconf 72' lang='lat' dir='ltr'>«it-.-</span> <span class='ocrx_word' id='word_1_644' title='bbox 952 2456 1051 2483; x_wconf 82' lang='lat' dir='ltr'>littera</span> <span class='ocrx_word' id='word_1_645' title='bbox 1071 2465 1164 2483; x_wconf 85' lang='lat' dir='ltr'>erasa.</span> 
     </span>
    </p>
   </div>
   <div class='ocr_carea' id='block_1_3' title="bbox 238 2502 2034 2584">
    <p class='ocr_par' dir='ltr' id='par_1_4' title="bbox 238 2502 2034 2584">
     <span class='ocr_line' id='line_1_48' title="bbox 411 2502 2034 2542; baseline 0.004 -10"><span class='ocrx_word' id='word_1_646' title='bbox 411 2504 492 2541; x_wconf 80' lang='lat' dir='ltr'>Quae</span> <span class='ocrx_word' id='word_1_647' title='bbox 514 2503 659 2532; x_wconf 86' lang='lat' dir='ltr'>inclinatis</span> <span class='ocrx_word' id='word_1_648' title='bbox 680 2502 785 2532; x_wconf 88' lang='lat' dir='ltr'>litteris</span> <span class='ocrx_word' id='word_1_649' title='bbox 807 2511 945 2540; x_wconf 87' lang='lat' dir='ltr'>expressa</span> <span class='ocrx_word' id='word_1_650' title='bbox 965 2506 1042 2538; x_wconf 86' lang='lat' dir='ltr'>sunt,</span> <span class='ocrx_word' id='word_1_651' title='bbox 1064 2504 1166 2532; x_wconf 78' lang='lat' dir='ltr'>contra</span> <span class='ocrx_word' id='word_1_652' title='bbox 1187 2503 1319 2533; x_wconf 90' lang='lat' dir='ltr'>codicum</span> <span class='ocrx_word' id='word_1_653' title='bbox 1340 2505 1546 2534; x_wconf 87' lang='lat' dir='ltr'>auctoritatem</span> <span class='ocrx_word' id='word_1_654' title='bbox 1567 2506 1667 2536; x_wconf 87' lang='lat' dir='ltr'>adieci.</span> <span class='ocrx_word' id='word_1_655' title='bbox 1697 2518 1771 2542; x_wconf 82' lang='lat' dir='ltr'>quae</span> <span class='ocrx_word' id='word_1_656' title='bbox 1791 2511 1902 2538; x_wconf 84' lang='lat' dir='ltr'>uncinis</span> <span class='ocrx_word' id='word_1_657' title='bbox 1922 2511 2034 2539; x_wconf 77' lang='lat' dir='ltr'>inclusa</span> 
     </span>
     <span class='ocr_line' id='line_1_49' title="bbox 238 2551 645 2584; baseline -0.002 -7"><span class='ocrx_word' id='word_1_658' title='bbox 238 2553 315 2584; x_wconf 87' lang='lat' dir='ltr'>sunt,</span> <span class='ocrx_word' id='word_1_659' title='bbox 337 2558 371 2577; x_wconf 85' lang='lat' dir='ltr'>ea</span> <span class='ocrx_word' id='word_1_660' title='bbox 392 2551 516 2577; x_wconf 83' lang='lat' dir='ltr'>delenda</span> <span class='ocrx_word' id='word_1_661' title='bbox 537 2551 645 2577; x_wconf 89' lang='lat' dir='ltr'>censui.</span> 
     </span>
    </p>
   </div>
  </div>
 </body>
</html>
