2281 2899
1098 55 1119 88 6

98 178 122 207 v
325 170 404 209 Sed
435 183 527 208 cnm
558 170 601 207 in
632 183 678 209 eo
710 182 880 220 magnus
911 181 1022 207 error
1053 170 1171 215 esset,
1204 165 1320 216 quale
1353 167 1458 203 esset
1489 163 1528 202 id
1560 161 1720 201 dicendi
1750 174 1890 212 genus,
1926 160 2066 212 putavi

153 235 251 274 mihi
282 235 585 286 suscipiendum
616 235 797 274 laborem
828 234 968 274 utilem
1001 233 1204 280 studiosis,
1237 231 1333 270 mihi
1365 230 1525 280 quidem
1555 229 1631 280 ipsi
1663 242 1745 267 non
1776 227 2063 267 necessarium.

97 320 124 339 ιι
155 300 344 340 Converti
375 300 483 340 enim
514 314 564 340 ex
589 299 734 339 Atticis
766 301 937 340 duorum
968 297 1388 349 eloquentissimorum
1419 295 1688 337 nobilissimas
1720 293 1926 333 orationes
1957 293 2066 332 inter

154 379 277 415 seque
301 365 541 412 contrarias,
563 365 752 405 Aeschini
773 373 801 403 et
822 364 1097 412 Demostheni,
1130 377 1202 403 nec
1226 362 1405 402 converti
1431 364 1475 400 ut
1501 361 1714 411 interpres,
1746 360 1816 399 sed
1843 362 1888 398 ut
1913 361 2064 406 orator,

153 431 367 470 sententiis
395 431 525 470 isdem
554 434 594 470 et
625 444 763 470 earum
787 430 927 469 formis
951 434 1073 479 atque
1098 429 1254 479 figuris.
1291 428 1421 467 verbis
1445 428 1495 465 ad
1521 430 1701 466 nostram
1726 425 2063 465 consuetudinem
2095 442 2112 462 ε»

153 495 271 546 aptis.
318 495 364 534 In
396 495 542 546 quibus
574 510 657 535 non
680 495 846 535 verbnm
877 509 949 546 pro
976 494 1097 534 verbo
1129 507 1292 534 necesse
1322 492 1445 532 habui
1475 492 1656 531 reddere.
1688 492 1758 531 sed
1792 504 1917 542 genus
1946 504 2065 529 omne

151 561 367 600 verborum
399 561 559 610 vimque
591 562 766 600 servavi:
800 575 881 599 non
913 561 1020 600 enim
1051 574 1099 599 ea
1130 574 1193 599 me
1224 560 1489 598 adnumerare
1521 558 1662 597 lectori
1694 558 1830 609 putavi
1862 561 2063 607 oportere,

96 646 122 665 15
152 627 223 666 sed
252 629 465 676 tamquam
496 627 739 677 appendere.
802 626 874 665 Hic
914 626 1029 665 labor
1066 640 1179 666 meus
1215 626 1289 664 hoc
1321 625 1578 674 adsequetur,
1618 628 1661 662 nt
1701 623 1828 662 nostri
1866 622 2063 669 homineS,

153 692 249 741 quid
281 692 331 729 ab
362 692 442 729 illis
473 692 650 741 exigant,
693 692 761 740 qui
799 704 841 730 se
872 691 1028 730 Atticos
1067 691 1218 737 volunt,
1258 695 1298 729 et
1336 690 1387 727 ad
1428 703 1548 739 quam
1588 702 1656 728 eos
1697 688 1810 739 quasi
1848 687 2064 726 formulam

153 756 312 796 dicendi
358 760 567 798 revocent.
614 756 864 806 intellegant..
943 756 1023 796 Sed
1068 756 1247 795 exoritur
1293 755 1563 803 Thucydides:
1616 755 1700 793 eius
1749 754 1854 793 enim
1901 753 2064 803 quidam
2096 771 2124 789 ιο

152 821 429 872 eloquentiam
461 821 727 860 admirantur.
789 821 832 860 Id
869 820 1031 871 quidem
1062 824 1184 869 recte,
1224 821 1293 860 sed
1332 819 1429 859 nihil
1467 820 1517 859 ad
1558 834 1647 859 eum
1687 822 1903 867 oratorem,
1945 832 2065 870 quem

153 888 398 937 quaerimus.
459 887 578 926 Aliud
615 891 676 927 est
713 887 819 927 enim
851 888 1050 937 explicare
1082 901 1146 926 res
1176 891 1310 936 gestas
1342 887 1556 933 narrando,
1596 886 1704 924 aliud
1743 886 2064 935 argumentando

151 952 358 991 criminari
384 952 586 992 crimenve
614 951 844 999 dissolvere.
877 951 986 991 aliud
1015 955 1246 992 narrantem
1272 955 1410 991 tenere
1438 951 1677 991 auditorem.
1709 951 1818 990 aliud
1844 951 2061 991 concitare.

95 1037 121 1056 m
153 1018 218 1056 ‘At
249 1018 430 1068 loquitur
456 1017 621 1069 pulcre.y
669 1018 774 1056 Num
801 1018 943 1057 melius
970 1031 1088 1068 quam
1115 1017 1260 1057 Plato?
1304 1017 1476 1057 Necesse
1500 1020 1561 1056 est
1585 1021 1723 1057 tamen
1747 1017 1912 1064 oratori,
1945 1030 2063 1067 quem

152 1084 397 1133 quaerimus,
430 1084 727 1123 controversias
758 1084 957 1133 explicare
990 1083 1160 1122 sorensis
1187 1083 1345 1121 dicendi
1366 1097 1511 1132 genere
1543 1087 1637 1133 apto
1669 1085 1719 1121 ad
1741 1084 1981 1129 docendum,
2014 1084 2064 1120 ad
2096 1100 2123 1118 1⁵

93 1156 133 1185 vl
151 1148 450 1196 delectandum,
473 1150 524 1187 ad
548 1149 877 1200 permovendum.
926 1147 1056 1194 Quare
1074 1148 1105 1187 si
1124 1147 1212 1198 quis
1237 1147 1325 1195 erit,
1351 1147 1416 1198 qui
1435 1161 1476 1188 se
1494 1147 1739 1198 Thucydidio
1757 1162 1903 1197 genere
1921 1161 2064 1187 causas

149 1214 191 1251 in
209 1215 295 1252 foro
314 1215 517 1252 dicturum
535 1228 622 1252 esse
639 1215 892 1263 profiteatur,
911 1214 943 1251 is
962 1213 1196 1252 abhorrebit
1217 1213 1339 1251 etiam
1357 1227 1380 1250 a
1396 1213 1623 1263 suspicione
1641 1214 1738 1259 eius,
1763 1214 1871 1263 quod
1882 1216 2064 1252 versatur

149 1278 191 1316 in
208 1292 250 1317 re
268 1279 372 1317 civili
395 1283 435 1319 et
458 1279 628 1325 forensi:
663 1279 724 1317 sin
742 1278 1014 1328 Thucydidem
1036 1278 1232 1325 laudabit.
1255 1278 1459 1316 adscribat
1480 1292 1576 1318 suae
1600 1282 1780 1317 nostram
1804 1278 2062 1317 sententiam.

92 1362 118 1381 17
151 1342 255 1389 Quin
272 1344 403 1394 ipsum
420 1344 654 1391 Isocratem,
678 1357 795 1394 quem
815 1343 971 1382 divinus
988 1346 1143 1382 auctor.
1161 1343 1290 1389 Plato.
1309 1358 1426 1381 sunm
1444 1344 1525 1382 fere
1544 1343 1752 1393 aequalem
1772 1343 2064 1383 admirabiliter

147 1408 189 1447 in
215 1409 400 1449 Phaedro
432 1409 589 1448 laudari
611 1410 707 1449 fecit
733 1410 783 1448 ab
810 1409 978 1448 Socrate
1006 1422 1205 1458 quemque
1233 1422 1372 1447 omnes
1394 1409 1501 1447 docti
1524 1423 1726 1447 summum
1749 1414 1952 1448 oratorem
1975 1423 2062 1448 esse
2094 1427 2124 1446 20

148 1473 350 1522 dixerunt,
382 1478 522 1515 tamen
553 1474 658 1514 hunc
689 1474 731 1513 in
763 1487 975 1514 numerum
1007 1487 1089 1514 non
1120 1487 1290 1524 repono:
1331 1487 1411 1513 non
1442 1473 1547 1514 enim
1580 1474 1620 1513 in
1652 1474 1737 1515 acie
1770 1478 1953 1514 versatur
1990 1490 2061 1514 nec

147 1540 269 1586 ferro,
302 1541 372 1579 sed
405 1541 519 1589 quasi
541 1540 708 1578 rudibus
730 1540 815 1578 eius
839 1540 963 1578 eludit
997 1540 1139 1577 oratio.
1187 1540 1218 1577 A
1242 1554 1303 1577 me
1326 1544 1475 1586 antem,
1508 1544 1552 1577 ut
1575 1555 1665 1578 cum
1689 1541 1873 1578 maximis
1896 1541 2060 1583 minima

147 1605 373 1652 conferam,
422 1605 693 1655 gladiatorum
742 1619 815 1655 par
859 1604 1153 1643 nobilissimum
1211 1605 1435 1643 inducitur:
1488 1605 1705 1645 Aeschines
1751 1622 1822 1643 cum
1850 1611 2064 1645 I)emostlaene

146 1674 357 1719 tamquam
385 1670 642 1715 Aeserninus,
675 1673 719 1707 ut
751 1670 807 1707 ait
831 1669 1020 1707 Lucilius.
1053 1678 1087 1706 at
1117 1683 1197 1708 non
1221 1682 1401 1719 spurcus
1433 1669 1580 1717 liomo.'
1613 1672 1682 1709 sed
1715 1684 1808 1709 acer
1840 1674 1880 1709 et
1903 1671 2059 1718 doctus,

542 1748 645 1781 ‘cum
678 1744 915 1782 Pacideiano
948 1744 1009 1781 hic
1042 1744 1310 1794 componitur,
1344 1743 1510 1794 optimu'
1544 1745 1661 1794 longe
2091 1755 2121 1775 2⁵

538 1812 629 1860 post
662 1809 844 1848 homines
877 1808 1009 1847 natos'
1042 1833 1096 1837 —

86 1902 113 1921 ιε
143 1883 242 1921 nihil
288 1883 395 1922 enim
436 1883 503 1921 illo
541 1887 701 1922 oratore
741 1883 916 1921 arbitror
961 1883 1130 1934 cogitari
1176 1897 1292 1934 posse
1339 1883 1520 1922 divinius.
1597 1885 1697 1924 Huic
1744 1885 1871 1925 labori
1920 1890 2058 1926 nostro

85 2014 110 2040 1.
131 2012 170 2048 in]
193 2021 244 2040 om.
268 2013 326 2040 P1.
349 2029 381 2032 μ
404 2014 428 2041 2,
451 2013 531 2049 mihi]
553 2021 610 2041 uon
634 2013 664 2041 T.
688 2029 722 2033 —-
754 2013 902 2049 studiosis]
924 2013 1084 2042 studiosius
1108 2013 1137 2041 T.
1160 2029 1193 2033 -
1222 2013 1302 2049 mihi]
1324 2014 1410 2042 michi
1435 2015 1462 2042 T.
1493 2031 1527 2034 —
1556 2016 1761 2053 necessarium]
1790 2018 2003 2046 neccessarium
2028 2018 2055 2045 T.
2081 2035 2115 2038 --

83 2061 108 2089 3.
119 2060 326 2095 nobilissimas]
338 2061 542 2089 nobilissumas
554 2060 586 2095 P,
598 2061 804 2089 nobillissimas
818 2061 848 2088 T.
865 2077 899 2080 —
915 2060 1072 2096 orationes]
1086 2062 1236 2089 oraciones
1250 2061 1278 2088 T.
1289 2077 1323 2080 —
1338 2063 1362 2088 4.
1376 2065 1409 2089 et
1423 2062 1531 2090 ade:
1543 2071 1594 2090 om.
1604 2065 1638 2090 A.
1650 2080 1683 2082 —
1696 2065 1893 2099 Demostheni]
1906 2066 2072 2093 Demosteni
2084 2067 2114 2093 T.

83 2122 118 2126 —-
130 2108 155 2134 5.
165 2107 266 2142 isdem]
279 2116 331 2134 om.
342 2107 371 2134 T.
384 2123 417 2126 -
437 2110 525 2142 atque
537 2108 654 2142 scripsi:
664 2113 817 2142 tamquam
825 2108 861 2134 A.
873 2123 907 2127 —
919 2108 944 2134 6.
954 2107 1080 2142 necesse]
1094 2117 1227 2135 neccesse
1241 2108 1270 2135 T.
1283 2123 1316 2126 —
1331 2117 1414 2136 omne
1421 2109 1627 2144 Hieronymus.-
1638 2111 1766 2138 omnium
1774 2112 1810 2138 A.
1823 2127 1857 2129 —
1870 2112 1893 2138 7.
1907 2112 2115 2147 adnumerare]

82 2156 135 2182 aut
155 2163 310 2182 numerare
327 2153 357 2181 T.
379 2169 414 2173 —-
428 2153 454 2182 8.
470 2154 649 2189 adsequetur
663 2154 832 2182 Ascensius:
855 2155 1069 2189 adsequiturA.
1086 2170 1120 2174 —-
1134 2155 1159 2183 9.
1175 2154 1302 2191 exigant]
1319 2156 1456 2192 exgigaut
1468 2155 1526 2183 ΡΙ.
1542 2172 1577 2177 -
1593 2157 1635 2185 10.
1651 2158 1839 2186 exoritur-ed.
1855 2158 2117 2195 Norimberqensis:

82 2201 231 2228 exorietur
251 2202 287 2228 A.
309 2217 343 2220 -—
370 2201 563 2236 Thucydides]
584 2201 758 2235 tuchydides
780 2201 811 2228 T.
838 2217 873 2220 ——
903 2202 945 2228 11.
968 2202 1154 2230 admirantur
1176 2202 1216 2230 T:
1246 2203 1410 2230 admiratur
1432 2202 1497 2230 GP.
1526 2219 1560 2222 —
1587 2205 1714 2240 quidem]
1737 2205 1856 2240 quidam
1877 2205 1936 2233 P1.
1968 2221 2002 2225 —
2033 2206 2114 2242 nihil]

80 2247 168 2275 nichil
185 2247 214 2274 T.
237 2263 271 2266 —
293 2247 390 2283 quem]
412 2256 464 2275 om.
490 2247 520 2275 T.
542 2263 576 2267 -
599 2248 642 2275 13.
664 2248 812 2276 concitam
833 2248 944 2276 Aldus:
966 2249 1163 2278 concitantem
1175 2250 1210 2286 A,
1233 2265 1267 2268 —
1290 2249 1332 2276 14.
1354 2250 1391 2277 At
1411 2249 1551 2286 loquitur]
1573 2251 1733 2286 alloquitur
1756 2252 1786 2279 T.
1807 2268 1842 2271 —
1863 2252 1951 2287 Num]
1973 2261 2010 2280 an
2033 2253 2063 2281 T.
2079 2269 2114 2273 —-

79 2294 212 2329 Necesse]
242 2304 375 2322 neccesse
399 2295 428 2322 T.
463 2311 497 2314 -
527 2296 639 2322 oratori
670 2295 695 2322 G
716 2304 751 2322 ec
769 2295 829 2322 sih:
859 2297 986 2323 oratoris
1013 2296 1080 2324 PT.
1111 2312 1145 2317 —-
1178 2297 1220 2323 15.
1242 2297 1388 2332 explicare
1407 2297 1431 2324 J
1435 2307 1443 2324 ,-
1472 2298 1665 2333 explicantem
1687 2299 1722 2325 A.
1754 2315 1790 2318 —
1820 2299 1953 2333 forensis]
1985 2299 2115 2328 forenses

81 2340 107 2367 G
127 2348 161 2367 ew
179 2341 224 2369 sil.
245 2356 280 2360 ——-
303 2341 346 2368 16.
368 2341 558 2376 Thucydidio]
580 2342 750 2376 tuchydidio
774 2342 804 2370 T.
825 2356 861 2361 -
883 2342 926 2369 17.
947 2342 980 2378 is]
1002 2343 1046 2370 his
1062 2342 1122 2370 ΡΙ.
1144 2359 1177 2362 -
1201 2343 1280 2378 quod
1300 2342 1470 2371 Ernestius:
1491 2353 1566 2379 quae
1581 2345 1616 2372 A.
1637 2361 1671 2364 —
1688 2345 1731 2374 18.
1748 2346 1793 2373 sin
1814 2345 1954 2373 Orellius:
1974 2346 2003 2374 in
2019 2346 2054 2374 A.
2079 2362 2114 2366 —

79 2387 287 2422 Thucydidem]
308 2387 487 2422 thycididem
505 2388 539 2422 G,
567 2388 756 2422 tuchydidem
773 2389 803 2416 T.
837 2404 871 2407 —
901 2389 1036 2417 laudabit
1057 2389 1245 2418 Gulielmius:
1272 2390 1406 2418 laudauit
1418 2392 1454 2418 A.
1485 2407 1519 2410 —
1551 2393 1595 2419 19.
1617 2392 1787 2427 Isocratem]
1808 2394 1838 2420 in
1858 2396 2005 2421 socratem
2028 2394 2058 2421 Τ.
2078 2410 2113 2413 -

79 2434 124 2460 20.
144 2433 289 2468 Phaedro]
316 2434 465 2470 phedrone
490 2434 551 2467 ΡΒ,
590 2434 701 2470 phedro
722 2435 741 2462 d
764 2434 794 2462 T.
821 2449 855 2453 —
894 2435 941 2470 ab]
972 2444 990 2463 a
1012 2436 1042 2463 T.
1071 2452 1105 2455 —
1134 2437 1214 2464 docti
1239 2445 1386 2464 summum
1405 2437 1439 2464 J:
1475 2438 1677 2466 doctissimum
1699 2440 1734 2466 A.
1766 2455 1800 2457 —
1836 2439 1908 2474 esse]
1939 2448 1991 2467 om.
2014 2440 2046 2468 P.
2078 2456 2114 2460 --

79 2479 123 2507 21.
145 2479 265 2515 repono]
286 2489 316 2507 se
337 2489 414 2515 pono
430 2480 462 2508 P.
484 2496 517 2499 —
545 2480 617 2515 acie]
639 2481 697 2508 atie
711 2480 744 2508 P.
765 2496 801 2500 -
821 2490 875 2508 nec
894 2482 1012 2516 scripsi.-
1032 2485 1061 2510 et
1075 2484 1110 2510 A.
1134 2498 1168 2502 —
1189 2484 1233 2510 22.
1255 2484 1306 2511 sed
1326 2484 1368 2511 ecl.
1389 2484 1652 2520 Norimberqensis:
1672 2487 1701 2513 et
1715 2486 1751 2513 A.
1774 2501 1808 2504 —
1829 2485 1906 2522 cum]
1928 2487 2067 2521 quoniam
2080 2486 2112 2520 Ρ,

78 2535 138 2562 quo
151 2526 181 2554 T.
204 2542 238 2545 —
259 2526 304 2554 23.
316 2526 538 2563 nobilissimum]
558 2527 755 2556 nobilissimus
771 2527 802 2555 T.
823 2543 859 2548 —-
886 2536 964 2556 cum
984 2528 1216 2557 Demosthene
1246 2530 1312 2557 add.
1343 2530 1500 2559 Schiilzius.
1523 2547 1558 2551 —
1579 2532 1623 2560 24.
1656 2532 1842 2568 Aeserninus]
1874 2534 2060 2561 aesseruinus
2080 2533 2112 2561 P.

77 2573 190 2601 Lucilii
210 2573 292 2601 verba
313 2573 463 2601 Luc-ianus
484 2573 640 2601 Muellerus
659 2574 702 2601 sic
720 2574 810 2601 edidit
830 2573 889 2609 (lv,
905 2575 1040 2610 15—18):
1068 2577 1239 2604 Aesernina*
1260 2578 1324 2609 fuit,
1345 2578 1518 2606 Flaccorum
1538 2587 1668 2613 munere,
1690 2580 1810 2614 qnidam
1824 2579 1834 2615 ΙΙ
1848 2580 1973 2614 Samnis,
1987 2588 2114 2616 spurcus

76 2620 174 2655 homo,
195 2620 258 2648 vita
277 2620 327 2648 illa
347 2620 447 2656 dignu'
467 2620 605 2655 locoque;
625 2620 635 2656 Η
655 2629 722 2648 cum
741 2621 918 2650 Pacideiano
948 2623 1148 2658 componitur,
1177 2625 1300 2660 optimu*
1321 2624 1414 2652 multo
1434 2624 1444 2660 ΙΙ
1465 2627 1533 2662 post
1558 2625 1691 2654 homines
1711 2628 1798 2655 natos
1819 2626 1967 2663 gladiator
1987 2627 2038 2662 qui
2057 2627 2114 2656 fuit

75 2677 161 2696 unus.
182 2682 218 2687 —
239 2670 277 2695 at
301 2667 410 2695 addidi.
440 2683 476 2687 —
506 2676 575 2696 acer
588 2667 626 2703 et]
649 2670 728 2696 certe
745 2668 775 2696 T.
805 2684 840 2688 —
872 2669 916 2697 25.
938 2669 1016 2705 cum]
1038 2679 1128 2705 quom
1142 2670 1201 2705 1³1,
1223 2680 1282 2706 quo
1303 2671 1332 2699 in
1347 2671 1411 2706 P2,
1433 2681 1491 2707 quo
1507 2673 1593 2701 modo
1611 2673 1641 2701 T.
1673 2689 1707 2692 -—
1738 2674 1913 2702 Pacideiano
1937 2673 2121 2703 Cratander:

75 2715 233 2752 pacidiano
250 2716 287 2743 A.
309 2730 344 2735 —
367 2715 488 2751 optimn'
514 2714 687 2742 Cratander:
707 2715 836 2751 optimus
856 2716 893 2744 A.
914 2731 949 2735 —
970 2716 1014 2744 26.
1036 2717 1113 2753 post]
1134 2727 1187 2755 per
1209 2718 1239 2746 T.
1262 2734 1296 2738 —
1317 2719 1362 2746 27.
1383 2719 1465 2755 nihil]
1487 2719 1575 2748 nichil
1599 2720 1628 2748 T.
1651 2736 1686 2739 —
