2270 2941
1109 67 1129 100 7

163 177 243 215 duo
285 186 436 225 genera
474 173 831 224 reprehensionum
869 180 1145 228 opponuntur:
1193 193 1319 218 unum
1356 179 1451 218 hoc:
1505 178 1666 218 ‘Verum
1711 175 1857 217 melius
1898 173 2079 215 Graecil’

163 241 196 280 A
229 254 308 290 quo
356 242 589 289 quaeratur,
636 240 779 290 ecquid
822 242 977 292 possint
1022 243 1098 294 ipsi
1141 245 1283 284 melius
1328 231 1499 285 Latine?
1565 243 1766 283 Alterum:
1816 240 1933 288 ‘Quid
1977 241 2079 280 istas

161 305 298 357 potius
329 304 461 355 legam
493 318 613 355 quam
645 305 859 346 GmecasP‘
919 307 1058 348 Eidem
1093 317 1199 348 tamen
1225 309 1418 348 Andriam
1455 312 1496 349 et
1527 307 1792 359 Synephebos
1828 321 1903 346 nec
1943 306 2078 345 minus

163 371 268 423 [nec]
299 370 627 410 Andromacha-m
658 374 728 411 aut
758 372 973 424 Antiopam
1003 379 1073 413 aut
1103 374 1306 426 Epigonos
1337 374 1504 414 Latinas
1534 373 1757 425 recipiunt3
1791 373 1907 413 eidem
1936 375 2077 412 tamen

117 452 132 470 5
163 436 339 474 Ennium
374 439 415 474 et
450 436 664 474 Pacuvium
703 441 743 476 et
773 437 937 476 Accium
971 440 1106 490 potius
1143 454 1264 490 quam
1299 440 1532 490 Euripidem
1567 443 1608 478 et
1644 438 1890 489 Sophoclem
1921 438 2074 488 legunt,

163 501 396 542 Terentium
437 505 477 541 et
515 502 732 542 Caecilium
763 517 882 554 quam
920 503 1185 545 Menandrum
1215 505 1367 556 legunt.
1435 504 1549 552 Quod
1588 505 1712 556 igitur
1752 507 1814 544 est
1850 518 1991 544 eorum
2032 503 2075 542 in

161 567 416 607 orationibus
447 581 467 607 e
500 568 653 607 Graeco
685 569 886 608 conversis
917 570 1136 619 fastidium,
1169 571 1323 609 nullum
1353 584 1445 610 cum
1476 570 1528 609 sit
1559 570 1599 608 in
1631 570 1844 609 versibus?

331 633 411 673 Sed
436 634 719 683 adgrediamur
735 634 828 682 iam,
854 637 959 684 quod
985 636 1245 686 suscepimus,
1277 636 1310 675 si
1333 636 1444 686 prius
1469 635 1786 686 exposuerimus,
1820 649 1923 685 quae
1947 637 2132 696 causaVss

160 698 200 737 in
231 697 425 737 iudicium
457 699 632 739 deducta
663 699 726 738 sit.
774 699 874 739 Cum
905 704 1010 741 esset
1039 700 1103 741 lex
1133 700 1319 741 Athenis:
1355 701 1425 741 ‘Ne
1453 701 1541 752 quis
1567 700 1707 752 populi
1730 700 1878 739 scitum
1902 700 2069 748 faceret,

104 779 130 797 ιο
161 769 206 802 ut
245 765 458 814 quisquam
497 778 647 804 corona
686 767 905 804 donaretur
942 767 983 803 in
1020 767 1280 816 magistratu,
1326 767 1559 816 priusquam
1598 767 1776 805 rationes
1813 766 2067 812 rettulisset,'

160 834 201 870 et
232 830 362 871 altera
392 830 475 870 lex:
517 831 622 879 ίΕοε),
655 831 723 882 qui
754 845 777 870 a
806 832 954 883 populo
987 833 1248 881 donarentur,
1279 832 1321 871 in
1353 832 1543 872 contione
1576 832 1719 872 donari
1750 832 1910 879 debere.
1943 831 2012 882 qui
2044 845 2069 871 a

158 904 274 934 semim
294 896 336 934 in
357 895 529 944 senatu‚’
554 897 845 936 Demosthenes
870 901 1032 937 curator
1055 897 1179 936 muris
1204 897 1429 937 reficiendis
1453 897 1530 936 fuit
1554 912 1703 947 eosque
1727 897 1870 936 refecit
1893 897 2069 948 pecunia

158 976 244 1001 sua.
305 963 363 1002 De
401 963 474 1001 hoc
514 962 636 1013 igitur
669 963 887 1013 Ctesiphon
924 963 1069 1002 scitum
1106 963 1202 1003 fecit
1241 963 1361 1002 nullis
1392 963 1441 1002 ab
1472 963 1541 1003 illo
1571 963 1798 1003 rationibus
1829 963 1982 1010 relatis,
2021 967 2067 1002 ut

158 1042 309 1068 corona
347 1042 470 1068 aurea
509 1029 728 1069 donaretur
766 1042 891 1080 eaque
930 1028 1094 1069 donatio
1130 1029 1246 1069 fieret
1276 1028 1318 1067 in
1347 1028 1508 1069 theatro
1539 1028 1688 1080 populo
1720 1032 1957 1077 convocato,
1998 1028 2067 1080 qui

102 1107 127 1126 1⁵
157 1094 269 1132 locus
301 1108 383 1133 non
414 1098 475 1133 est
506 1094 706 1132 contionis
737 1094 958 1144 legitimae,
996 1098 1117 1144 atque
1147 1095 1206 1132 ita
1235 1095 1559 1144 praedicaretur:
1608 1108 1700 1133 eum
1731 1094 1873 1133 donari
1904 1094 2066 1132 virtutis

158 1173 252 1209 ergo
284 1160 671 1209 benivolentiaeque,
705 1174 825 1209 quam
855 1160 887 1198 is
918 1174 1013 1209 erga
1042 1159 1237 1210 populum
1259 1160 1548 1199 Atheniensem
1572 1159 1753 1199 haberet.
1800 1159 1917 1198 Hunc
1942 1159 2067 1209 igitur
2096 1177 2125 1197 20

158 1224 463 1275 Ctesiphontem
499 1224 541 1262 in
578 1214 769 1263 iudicium
801 1225 968 1263 adduxit
997 1224 1227 1271 Aeschines,
1268 1225 1375 1274 quod
1411 1227 1555 1263 contra
1591 1223 1700 1274 leges
1739 1223 1981 1274 scripsisset,
2021 1227 2067 1262 ut

157 1293 197 1329 et
227 1290 453 1329 rationibus
484 1304 566 1329 non
596 1290 734 1329 relatis
765 1303 915 1329 corona
945 1291 1164 1329 donaretur
1194 1292 1234 1329 et
1265 1292 1309 1328 ut
1340 1289 1381 1327 in
1411 1290 1573 1328 theatro
1605 1292 1659 1336 et,
1697 1290 1805 1339 quod
1836 1290 1885 1328 de
1915 1289 2065 1329 virtute

156 1354 241 1395 eius
273 1358 313 1395 et
344 1355 616 1395 benivolentia
646 1354 749 1394 falsa
779 1354 1016 1406 scripsisset,
1048 1368 1139 1393 cum
1169 1354 1462 1394 Demosthenes
1493 1368 1567 1394 nec
1598 1354 1657 1393 vir
1688 1354 1819 1395 bonus
1851 1358 1960 1394 esset
1991 1368 2065 1394 nec

96 1434 125 1453 20
155 1420 257 1460 bene
282 1421 449 1460 meritus
476 1422 523 1459 de
548 1421 722 1459 civitate.
770 1421 902 1459 Causa
924 1420 1010 1470 ipsa
1033 1420 1222 1459 abhorret
1243 1420 1312 1457 illa
1333 1420 1496 1469 quidem
1518 1436 1539 1457 a
1560 1420 1736 1458 formula
1756 1420 2065 1459 consuetudinis

154 1491 332 1535 nostrae,
368 1488 438 1526 sed
474 1490 535 1526 est
565 1500 725 1537 magna.
784 1486 918 1526 Habet
960 1485 1066 1526 enim
1104 1488 1144 1526 et
1180 1485 1313 1537 legum
1346 1485 1728 1536 interpretationem
1764 1485 1864 1524 satis
1900 1488 2065 1525 acutam

152 1552 195 1589 in
225 1555 438 1602 utramque
469 1555 627 1602 partem
658 1554 698 1591 et
728 1551 965 1591 meritorum
994 1551 1037 1589 in
1066 1565 1152 1591 rem
1180 1550 1383 1601 publicam
1414 1550 1722 1590 contentionem
1752 1563 1851 1590 sane
1883 1563 2061 1601 gravem.

151 1617 292 1666 Itaque
332 1631 455 1655 causa
492 1617 568 1654 fuit
605 1616 812 1663 Aeschini,
859 1630 950 1654 cum
993 1617 1078 1666 ipse
1123 1630 1147 1653 a
1183 1616 1454 1655 Demosthene
1499 1619 1607 1654 esset
1644 1615 1789 1665 capitis
1831 1619 2061 1663 accusatus,
2093 1634 2119 1654 ει

153 1682 261 1730 quod
290 1681 534 1732 legationem
565 1681 782 1720 ementitus
806 1683 925 1726 esset,
958 1684 1002 1719 ut
1028 1680 1245 1719 ulciscendi
1269 1679 1419 1718 inimici
1443 1692 1567 1718 causa
1591 1679 1756 1720 nomine
1783 1680 2062 1731 Ctesiphontis

93 1758 122 1778 2⁵
152 1746 343 1785 iudicium
373 1747 488 1786 fieret
519 1747 567 1785 de
598 1746 715 1784 factis
746 1746 934 1795 famaque
965 1745 1259 1784 Demosthenis.
1321 1745 1411 1784 Non
1449 1745 1557 1784 enim
1592 1748 1679 1783 tam
1715 1745 1845 1784 multa
1880 1745 1982 1784 dixit
2013 1746 2063 1786 de

96 1886 120 1911 1.
142 1884 242 1920 unum]
264 1893 334 1912 num
349 1884 381 1912 P.
404 1899 437 1903 —
458 1884 565 1911 Verum
584 1884 620 1911 J:
640 1884 763 1911 uerbum
783 1884 819 1910 A.
841 1898 875 1902 —
896 1884 921 1910 2.
937 1891 995 1918 quo
1016 1883 1187 1919 quaeratur]
1210 1885 1409 1918 conqueratur
1431 1883 1461 1910 T.
1484 1898 1518 1902 —
1539 1883 1646 1918 ecquid
1666 1883 1773 1911 Aldus:
1795 1886 1825 1911 et
1845 1884 1916 1919 quid
1936 1885 1973 1912 A.
1995 1899 2030 1904 —
2050 1883 2116 1921 ipsi]

94 1932 136 1959 illi
151 1932 185 1959 G.
207 1948 241 1952 —-
256 1933 282 1960 3.
296 1931 404 1968 potius]
419 1932 520 1968 pocius
534 1931 563 1958 T.
579 1947 613 1950 —
628 1931 728 1959 Eidem
743 1933 853 1957 tamen
865 1931 984 1965 scripsi:
1003 1931 1083 1958 Idem
1098 1932 1134 1958 A.
1150 1946 1184 1949 —
1199 1933 1226 1958 et
1241 1930 1439 1966 Synephebos]
1455 1932 1484 1958 et
1498 1931 1672 1966 sinephebos
1687 1930 1746 1965 Pl,
1768 1932 1899 1959 eschines
1913 1932 2025 1967 phebos
2042 1932 2073 1959 T.
2083 1948 2119 1952 -

95 1987 149 2005 nec
178 1979 272 2006 minus
303 1978 375 2014 [nec]
405 1979 524 2012 scripsi:
550 1987 603 2005 nec
632 1978 730 2007 minus,
756 1977 914 2004 terentium
935 1979 963 2004 et
984 1977 1135 2004 caecilium
1156 1986 1244 2011 quam
1265 1978 1459 2005 menandrum
1478 1977 1580 2013 legunt
1598 1986 1653 2005 nec
1672 1978 1709 2012 A,
1737 1986 1810 2012 quae
1828 1978 1923 2005 media
1946 1978 2119 2013 interposita

91 2028 161 2053 sunt
181 2025 264 2053 verba
283 2026 450 2053 Terentium
471 2028 499 2053 et
520 2025 676 2053 Caecilium
698 2033 786 2059 quam
806 2024 998 2052 Menandrum
1017 2024 1119 2060 legunt
1133 2027 1199 2058 post
1218 2024 1302 2051 verba
1322 2024 1496 2060 Sophoclem
1516 2024 1617 2060 legunt
1630 2025 1679 2058 (vs.
1690 2026 1718 2057 5)
1732 2026 1842 2052 traieci.
1857 2040 1892 2045 —-
1906 2025 1933 2053 4.
1947 2024 2117 2062 Antiopam]

98 2072 267 2108 anthiopam
292 2073 322 2100 T.
348 2088 383 2092 —
413 2073 532 2100 Latinas
551 2071 690 2098 Jahnius:
719 2071 825 2099 latinos
854 2072 891 2099 A.
921 2085 956 2090 —
976 2070 1130 2106 recipiunt]
1152 2071 1296 2106 recipiant
1318 2071 1349 2098 T.
1370 2086 1405 2090 -—
1432 2071 1538 2099 eidem
1557 2071 1674 2105 scripsi:
1701 2072 1754 2099 sed
1774 2073 1810 2099 A.
1837 2088 1871 2091 —
1893 2073 1919 2099 5.
1944 2072 2117 2108 Pacuvium]

97 2119 274 2155 paucnnium
302 2119 332 2146 T.
363 2134 397 2138 -
428 2117 536 2155 potius]
558 2118 658 2154 pocius
680 2117 710 2145 T.
741 2132 775 2137 —-
805 2116 903 2153 quam]
928 2125 981 2144 om.
1006 2116 1040 2143 G.
1068 2132 1102 2136 -
1130 2116 1310 2153 Euripidem]
1333 2117 1501 2153 eurepidem
1524 2117 1554 2145 T.
1580 2133 1614 2136 —-
1642 2117 1830 2154 Sophoclem]
1851 2118 2012 2154 sophoclen
2026 2118 2060 2147 P.
2082 2133 2119 2138 —

92 2167 120 2194 6.
145 2165 306 2201 eorumin]
334 2166 363 2193 in
391 2175 492 2193 eorum
515 2165 544 2192 T.
576 2180 610 2184 —
641 2166 666 2192 7.
695 2174 709 2192 e
737 2164 849 2193 Graeco
877 2164 1055 2191 Lambinus:
1084 2172 1101 2191 a
1131 2163 1242 2191 Graeco
1262 2165 1299 2191 A.
1332 2179 1365 2185 —-
1394 2163 1553 2199 conversis]
1583 2165 1678 2192 uersis
1698 2164 1732 2192 P.
1763 2179 1798 2183 —-
1828 2165 1854 2192 8.
1881 2165 2117 2201 exposuerimus]

95 2212 279 2249 exposuerim
294 2211 359 2239 PT.
377 2227 410 2231 —
424 2212 449 2239 9.
472 2211 554 2246 Cum]
577 2211 729 2246 Quomodo
746 2211 776 2238 T.
797 2226 832 2231 —-
854 2210 898 2238 10.
918 2209 1058 2245 rationes]
1079 2209 1212 2237 raciones
1228 2210 1258 2238 T.
1273 2225 1308 2229 --
1323 2210 1485 2238 rettulisset
1498 2209 1627 2245 Kayser.-
1647 2211 1795 2238 retulisset
1809 2212 1845 2239 A.
1861 2226 1895 2230 —
1913 2212 1954 2239 11.
1970 2212 2117 2248 contione]

95 2259 232 2287 concione
247 2259 279 2293 P,
294 2259 482 2287 contencione
499 2258 528 2285 T.
544 2273 578 2277 —
596 2259 645 2292 qui
659 2267 677 2286 a
690 2260 790 2285 senatu
804 2257 953 2284 Muretus.-
973 2257 1043 2291 quia
1052 2257 1090 2284 A.
1104 2272 1140 2276 —
1162 2256 1205 2284 12.
1220 2256 1334 2292 senatu]
1359 2260 1495 2285 cenatum
1512 2257 1543 2285 T.
1558 2272 1593 2277 -
1608 2257 1827 2293 Demosthenes]
1840 2258 2025 2287 demostenes
2039 2258 2070 2287 T.
2082 2274 2118 2279 —

91 2314 202 2340 eosque
209 2305 241 2333 J.-
252 2306 380 2339 deosque
388 2306 425 2332 A.
435 2320 469 2324 —
484 2304 593 2339 refecit]
605 2305 682 2331 rexit
696 2304 724 2331 T.
737 2319 772 2323 -
785 2304 827 2331 13.
839 2302 1006 2339 Ctesiphon]
1021 2303 1144 2330 ctesifon
1155 2303 1187 2335 P,
1201 2303 1366 2339 stesiphons
1381 2304 1411 2331 T.
1422 2319 1457 2323 —-
1471 2303 1644 2339 rationibus]
1657 2305 1826 2332 racionibus
1837 2304 1867 2331 T.
1880 2320 1915 2324 —-
1928 2305 1972 2332 14.
1983 2305 2117 2341 donatio]

90 2352 217 2381 donacio
234 2351 311 2379 T.—
331 2352 413 2379 fieret
432 2351 539 2379 Aldus:
558 2351 659 2379 fecerit
679 2350 747 2385 PT,
768 2350 854 2378 fuerit
876 2349 910 2378 G.
931 2365 966 2369 —
993 2348 1033 2385 in]
1054 2351 1087 2377 ut
1107 2349 1140 2377 P.
1162 2364 1197 2368 —-
1223 2349 1351 2385 theatro]
1371 2352 1469 2378 teatro
1492 2350 1522 2378 T.
1551 2366 1586 2369 —
1614 2350 1658 2378 15.
1680 2350 1835 2387 contionis]
1857 2352 2006 2380 concionis
2029 2351 2061 2380 T.
2082 2367 2118 2372 —

91 2398 249 2435 legitimae]
263 2399 411 2434 legiptime
427 2398 458 2425 T.
473 2413 508 2417 —-
523 2398 565 2425 16.
579 2396 860 2431 benivolentiamque]
880 2396 1078 2424 beniuolencie
1093 2405 1179 2430 quem
1195 2395 1226 2423 T.
1237 2411 1273 2415 ——
1284 2396 1377 2432 Hunc]
1392 2397 1476 2424 Nunc
1487 2396 1520 2424 P.
1535 2412 1570 2415 —
1591 2397 1636 2424 17.
1647 2397 1877 2433 Ctesiphontem]
1889 2398 2074 2426 ctesifontem
2084 2398 2118 2433 P,

88 2445 304 2481 -stesiphontem
326 2445 357 2472 T.
378 2460 413 2464 —
435 2444 478 2472 18.
499 2443 671 2479 rationibus]
693 2443 859 2471 racionibus
881 2443 912 2470 T.
933 2458 968 2462 —
992 2444 1021 2470 et
1045 2442 1088 2478 ut]
1110 2442 1198 2470 etiam
1221 2445 1255 2470 ut
1276 2442 1307 2470 T.
1333 2458 1368 2462 ——
1395 2443 1522 2478 theatro]
1543 2445 1640 2471 teatro
1664 2443 1694 2470 T.
1715 2458 1751 2463 —
1778 2443 1823 2472 19.
1851 2444 1923 2480 eius]
1953 2452 2006 2472 om.
2030 2444 2061 2472 T.
2082 2461 2118 2465 --

93 2491 297 2528 benivolentia]
317 2492 518 2520 beniuolencia
534 2490 564 2519 T.
579 2506 614 2510 -—
628 2490 704 2527 cum]
725 2491 755 2518 et
774 2499 841 2518 cum
856 2489 891 2525 G,
912 2489 1051 2524 quoniam
1064 2489 1094 2516 T.
1109 2504 1144 2507 —
1156 2488 1374 2525 Demosthenes]
1395 2489 1579 2517 demostenes
1595 2489 1626 2517 T.
1641 2504 1677 2509 —·
1695 2489 1740 2518 20.
1762 2489 1891 2526 civitate]
1912 2491 2025 2519 uirtute
2038 2491 2070 2520 Τ,
2081 2507 2117 2511 -

87 2538 243 2574 abhorret]
264 2538 388 2568 abhoret
410 2538 440 2566 T.
470 2554 505 2558 —
534 2547 552 2565 a
571 2537 697 2566 formula
717 2537 889 2565 Lambinus:
908 2536 1034 2565 formula
1053 2537 1090 2564 A.
1118 2551 1154 2555 —
1187 2535 1231 2563 21.
1252 2536 1535 2572 interpretationem]
1563 2537 1842 2573 interpetrscionem
1864 2537 1895 2565 T.
1924 2553 1959 2557 —
1988 2540 2118 2579 moutam]

95 2587 231 2614 aceniam
254 2585 284 2613 T.
313 2601 348 2604 —
378 2585 423 2613 22.
450 2585 480 2612 in
508 2587 665 2619 utramque
694 2583 819 2621 partem]
850 2584 879 2612 in
904 2585 1030 2618 utraque
1050 2584 1135 2619 parte
1157 2582 1188 2610 T.
1217 2597 1252 2601 —
1273 2581 1500 2618 contentionem]
1528 2583 1695 2611 contionem
1715 2582 1754 2617 P,
1782 2592 1835 2611 om.
1859 2584 1890 2611 T.
1919 2599 1954 2604 —-
1984 2584 2031 2613 23.
2051 2593 2120 2613 eum

92 2633 232 2667 quonism
249 2632 279 2661 T.
301 2635 336 2652 ’-
357 2641 375 2661 a
387 2631 592 2668 Demosthene]
612 2632 649 2660 ad
670 2631 868 2660 demostenem
889 2630 921 2659 T.
942 2646 977 2650 —-
1002 2628 1169 2666 accusatus]
1189 2630 1316 2658 aocusat'
1337 2639 1355 2655 ι
1375 2639 1393 2655 ι
1411 2640 1430 2656 4
1450 2629 1484 2664 P,
1503 2629 1553 2658 sed
1565 2630 1573 2644 ’
1591 2629 1661 2658 add.
1680 2639 1717 2658 m.
1736 2632 1764 2658 2.
1795 2646 1830 2650 —
1865 2631 1911 2660 24.
1930 2631 2120 2669 legationem]

89 2679 263 2716 egacionem
275 2680 306 2708 T.
323 2696 357 2700 —
372 2678 538 2715 ementitus]
558 2674 700 2707 em'entius
720 2678 776 2707 P1.
797 2694 832 2698 —
853 2676 1060 2714 Ctesiphontis]
1080 2677 1241 2705 ctesifontis
1260 2676 1294 2711 P,
1315 2676 1505 2713 stesiphontis
1527 2677 1558 2705 T.
1579 2693 1615 2697 —
1635 2677 1680 2705 25.
1700 2677 1853 2714 indicium]
1875 2679 2014 2707 iuditium
2035 2679 2066 2708 T.
2083 2695 2119 2699 —

85 2725 305 2763 Demosthenis]
324 2727 501 2756 demostenis
522 2726 552 2754 T.
574 2740 608 2745 —
630 2725 715 2762 dixit]
732 2734 788 2754 om.
809 2725 844 2753 G.
870 2740 905 2745 —-
