2164 2899
158 135 389 176 rationibus
420 149 503 176 non
533 136 685 184 relatis.
718 149 841 187 quam
872 136 920 175 de
952 149 1013 183 eo,
1056 135 1164 186 quod
1204 133 1299 174 civis
1338 132 1548 185 improbus
1585 135 1631 172 ut
1668 132 1846 184 optimus
1884 125 2008 174 lauda
2115 180 2144 193 Ι,

100 217 131 239 n
160 204 280 241 esset.
341 201 458 240 Hanc
495 202 667 241 multam
696 201 916 241 Aeschines
952 214 976 239 a
1007 200 1269 252 Ctesiphonte
1305 199 1447 251 petivit
1477 197 1743 250 quadriennio
1775 201 1872 238 ante
1901 189 2139 254 Philippi

158 265 393 306 Macedonis
425 270 612 315 mortem,
652 268 722 307 sed
760 267 952 306 iudicium
989 266 1142 305 factum
1180 268 1242 305 est
1277 264 1431 316 aliquot
1461 263 1578 303 annis
1608 266 1702 315 post
1731 263 1964 305 Alexandro
1993 265 2077 313 iani
2115 269 2140 313 ‘j

158 331 298 371 Asiam
327 335 508 373 tenente.
553 332 614 371 Ad
647 333 754 383 quod
784 332 977 371 iudicium
1007 345 1227 372 concursus
1259 330 1406 370 dicitur
1436 345 1456 371 e
1487 333 1577 370 tota
1608 328 1780 369 Graecia
1809 329 1943 370 factus
1974 344 2074 374 esse.
2116 351 2141 381 J·

160 396 264 444 Quid
303 397 411 438 enim
449 401 533 437 tam
572 402 643 437 aut
680 398 890 438 visendum
927 401 998 437 aut
1035 397 1280 438 audiendum
1318 396 1395 436 fuit
1431 409 1551 446 quam
1582 409 1833 436 summorum
1864 398 2076 438 oratorum
2090 401 2125 465 3¹&

101 474 130 495 ²³
159 462 202 501 in
247 463 484 513 gravissima
528 477 652 503 causa
697 467 888 502 accurata
934 467 974 503 et
1013 462 1233 501 inimicitiis
1273 461 1438 502 incensa
1478 460 1715 500 contentio?
1774 460 1955 507 Quorum
1999 473 2076 533 ego

160 528 368 568 orationes
400 528 446 574 si
478 532 521 566 ut
554 542 686 578 spero
725 528 783 566 ita
821 541 1055 578 expressero
1091 527 1307 566 virtutibus
1338 530 1457 566 utens
1487 526 1648 565 illorum
1680 525 1882 566 omnibus.
1920 526 1962 566 id
2008 569 2012 572 Δ

161 592 375 632 sententiis
414 597 454 632 et
492 606 631 632 earum
669 593 808 643 figulis
846 599 887 632 et
921 606 1056 631 rerum
1087 592 1240 632 ordine
1279 592 1400 631 verba
1437 604 1684 642 persequens
1722 593 1905 639 eatenus,
1943 588 2015 644 ista}
2046 633 2050 638 ,

161 671 245 697 non
275 657 523 697 abhorreant
554 671 578 696 a
608 672 719 697 more
751 661 892 697 nostro
924 682 977 686 —
1009 671 1112 708 quae
1142 657 1175 696 si
1207 672 1228 697 e
1252 656 1417 696 Graecis
1448 656 1583 695 omnia
1613 669 1808 696 conversa
1833 669 1918 696 non
1938 639 2115 707 erunt·
2143 704 2148 708 ,

160 726 313 771 tamen
344 726 391 762 ut
421 723 579 774 genelis
611 723 791 763 eiusdem
822 723 916 771 sint
949 723 1242 764 elaboravimus
1273 737 1345 761 —:
1394 722 1470 762 erit
1500 721 1651 773 regula,
1690 721 1742 761 ad
1778 736 1902 772 quam
1933 736 2076 764 eorum
2101 715 2151 765 ιοῙ

161 788 388 840 dirigantur
423 788 641 829 orationes.
682 788 749 839 qui
779 788 913 829 Attice
952 788 1088 830 volent
1125 788 1269 830 dicere.
1332 787 1412 829 Sed
1450 789 1499 828 de
1541 787 1656 828 nobis
1693 786 1812 827 satis:
1853 787 2074 843 aliquando
2119 820 2122 823 ,

161 854 268 894 enim
299 854 539 895 Aeschinem
570 855 702 905 ipsum
732 855 876 895 Latine
907 855 1109 895 dicentem
1140 854 1363 893 audiamus.

106 984 130 1010 1.
152 984 329 1018 rationibus]
349 985 517 1011 raeionibus
534 985 563 1011 T.
579 999 613 1003 —-
629 985 654 1011 2.
677 985 758 1012 Hanc
771 984 906 1019 multam]
919 984 1034 1012 Habeat
1047 984 1140 1011 multa
1153 984 1183 1011 T
1204 998 1239 1002 —
1260 992 1277 1011 a
1291 983 1490 1018 Ctesiphonte]
1510 991 1527 1011 a
1541 983 1712 1010 ethesifonte
1727 983 1761 1016 P,
1781 991 1816 1011 ac
1835 983 2033 1019 tesiphontem
2048 983 2080 1012 T.
2093 999 2134 1006 —·

104 1028 242 1066 Philippi]
265 1029 367 1066 philipi
390 1029 420 1057 T.
449 1046 483 1049 —
504 1030 530 1057 3.
554 1029 676 1065 sactum]
703 1030 783 1057 factu
807 1029 838 1057 P.
867 1046 901 1049 —
928 1030 1093 1058 Alexandro
1114 1030 1173 1058 iam
1192 1030 1290 1057 Asiam
1311 1028 1436 1065 tenente]
1467 1029 1658 1057 alexandrum
1678 1030 1737 1057 iam
1758 1030 1851 1058 asiam
1870 1032 2019 1059 tenentem
2041 1029 2073 1059 T.
2093 1045 2131 1053 —·

103 1076 131 1103 4.
152 1075 323 1112 concursus]
343 1084 517 1104 concursum
543 1077 571 1104 T.
604 1091 637 1095 —
672 1076 805 1112 Graecia]
835 1077 930 1114 gratia
960 1077 1057 1111 grecia
1078 1077 1110 1104 P.
1141 1091 1175 1096 —
1205 1075 1311 1112 factus]
1337 1076 1448 1104 factum
1471 1076 1501 1104 T
1531 1091 1565 1095 —-
1593 1076 1619 1104 5.
1647 1075 1810 1112 visendum]
1839 1076 2013 1106 uincendum
2041 1075 2074 1106 T.
2092 1085 2135 1100 -Δ

104 1123 130 1150 6.
152 1121 303 1158 accurata]
324 1125 463 1150 accusata
485 1123 515 1150 T.
544 1139 578 1142 —
608 1123 778 1159 inimicitiis]
798 1124 920 1151 inimicis
944 1124 973 1151 T.
1004 1139 1039 1143 -
1069 1122 1228 1159 contentio]
1248 1123 1399 1151 contencio
1422 1123 1451 1150 T.
1473 1138 1507 1141 —-
1529 1132 1583 1160 ego
1606 1123 1645 1150 T.-
1665 1132 1734 1160 ergo
1756 1123 1827 1151 GP.
1859 1138 1894 1142 --
1923 1124 1948 1152 7.
1969 1119 2079 1155 ons-2⁷>
2096 1141 2105 1147 -=
2119 1131 2148 1146 >⁴1

104 1170 257 1197 oraciones
274 1169 302 1196 T.
323 1184 358 1188 —
378 1170 410 1201 si,
431 1169 474 1204 ut]
495 1170 569 1197 sicut
585 1170 619 1196 G.
638 1185 672 1189 --
694 1169 747 1205 ita]
767 1179 819 1197 om.
837 1170 866 1196 T.
888 1186 922 1188 —-
943 1171 969 1197 8.
984 1169 1145 1205 sententiis]
1164 1170 1317 1197 sentenciis
1334 1169 1363 1197 T.
1385 1185 1419 1188 —
1441 1169 1571 1204 eatenus]
1591 1178 1625 1197 ea
1645 1172 1746 1197 tenens
1761 1169 1819 1197 P1.
1840 1185 1875 1189 —
1896 1170 1923 1197 9.
1938 1164 2156 1211 abhomhni}

103 1214 265 1243 abhoreaut
283 1215 312 1242 T.
330 1231 365 1234 —
387 1214 413 1251 e]
428 1224 480 1242 om.
494 1215 528 1243 G.
550 1231 583 1234 —
605 1215 714 1252 omnia]
728 1216 826 1244 omnia
840 1216 937 1244 omnia
950 1216 983 1244 G.
1005 1232 1039 1235 —
1062 1216 1104 1244 10.
1119 1216 1334 1244 elaboravimus
1346 1215 1550 1251 Hieronymus:
1564 1216 1780 1244 elaborabimus
1789 1217 1825 1244 A.
1841 1232 1876 1236 ——
1892 1217 1935 1245 12.
1946 1211 2119 1247 Aeschinen
2132 1231 2135 1246 ε
2148 1216 2160 1254 ζ,-

103 1261 261 1290 Eschinum
285 1262 314 1289 T.
335 1277 371 1280 —
393 1261 605 1296 Subserae'ptione
624 1265 720 1290 carent
741 1262 809 1296 PT,
830 1262 864 1290 (Ie
885 1263 911 1290 G
932 1263 1004 1290 nihil
1024 1262 1189 1290 wlnotatum
1210 1265 1257 1290 ese.
