2281 2899
1117 67 1137 97 4

171 184 334 220 constat
373 185 413 219 et
452 193 501 219 ex
532 180 662 219 verbis
701 183 741 219 et
780 193 829 218 ex
866 178 1096 224 sententiis,
1136 175 1423 227 perficiendum
1462 175 1542 219 est,
1585 174 1630 210 ut
1659 185 1759 221 pure
1791 174 1832 210 et
1863 171 2079 210 emendate

171 246 405 296 loquentes,
438 246 546 295 quod
578 249 639 285 est
669 245 834 292 Latine,
866 245 1078 284 verborum
1116 244 1325 293 praeterea
1356 242 1396 278 et
1426 237 1681 289 propriorum
1713 240 1753 276 et
1783 236 2079 276 translatorum

172 311 416 361 elegantiam
447 323 757 360 persequamur:
801 310 841 347 in
871 309 1063 360 propriis,
1102 311 1145 345 nt
1176 305 1400 343 lautissima
1437 303 1651 353 eligamus3
1691 302 1733 339 in
1762 301 1994 349 translatis,
2033 305 2080 340 ut

113 386 127 406 ⁵
171 375 479 415 similitudinem
517 375 646 415 secuti
682 376 907 415 verecunde
952 378 1113 412 utamur
1157 370 1307 411 alienis.
1379 368 1683 408 Sententiarum
1728 371 1867 407 autem
1906 368 2080 408 totidem

171 452 321 490 genera
351 442 460 487 sunt,
493 442 593 489 quot
624 438 705 478 dixi
736 452 823 478 esse
854 439 1038 485 laudum,
1071 439 1164 475 sunt
1194 435 1300 475 enim
1331 433 1499 473 docendi
1521 435 1678 480 acutae,
1711 432 1941 472 delectandi
1963 432 2079 483 quasi
2108 446 2122 468 ⁵

171 509 354 554 argutae,
386 505 667 544 commovendi
697 519 849 553 graves.
911 505 990 542 Sed
1022 507 1059 542 et
1092 503 1302 541 verborum
1334 504 1394 538 est
1417 502 1623 537 structura
1645 499 1860 547 quaedam,
1892 499 1993 536 duas
2014 512 2079 537 res

172 568 365 618 efficiens,
397 583 610 608 numerum
642 570 681 609 et
712 568 931 616 levitatem,
964 571 1004 607 et
1027 565 1251 607 sententiae
1273 578 1386 604 suam
1408 561 1741 615 compositionem
1773 562 1938 612 habent,
1969 570 1998 602 et
2027 563 2080 602 ad

171 635 426 684 probandam
457 648 541 672 rem
573 636 928 672 adcommodatum
960 634 1152 671 ordinem.
1214 633 1292 669 Sed
1323 644 1460 669 earum
1492 630 1673 667 omnium
1694 643 1829 667 rerum
1861 631 1923 680 [ut
1943 629 2081 668 aedifi-

113 714 128 733 6
173 698 345 749 ciorum]
377 698 574 738 memoria
605 701 667 738 est
698 698 813 748 quasi
843 699 1164 743 fundamentum.
1196 696 1332 735 lumen
1353 694 1470 734 actio.
1531 693 1590 732 Ea
1619 693 1743 743 igitur
1765 694 1902 734 omnia
1931 694 1973 733 in
1998 708 2078 744 quo

172 776 331 801 summa
362 771 464 807 erunt,
495 763 571 801 erit
602 763 918 813 perfectissimus
941 766 1095 803 orator:
1129 762 1266 811 inquo
1291 760 1432 807 media,
1466 759 1697 806 mediocris3
1730 759 1771 797 in
1793 773 1872 810 quo
1897 759 2078 807 minima,
2110 778 2138 798 10

173 829 434 868 deterrimus:
483 830 552 867 sed
592 829 904 878 appellabuntur
943 843 1081 867 omnes
1119 832 1316 866 oratores.
1363 830 1407 864 ut
1445 826 1618 876 pictores
1659 825 1917 875 appellantur
1955 826 2079 865 etiarn

172 894 281 941 mali,
314 908 387 933 nec
419 894 633 945 generibus
654 894 759 933 inter
781 907 880 941 sese,
913 895 982 933 sed
1004 893 1263 932 facultatibus
1285 892 1479 931 different.
1531 891 1671 942 Itaque
1701 905 1818 931 nemo
1842 894 1904 931 est
1926 895 2078 940 orator,

173 959 241 1008 qui
273 959 536 997 Demostheni
567 975 602 996 se
629 958 799 997 similem
832 959 930 997 nolit
964 972 1069 1005 esse3
1111 962 1151 996 at
1181 958 1398 997 Menander
1429 957 1592 996 Homeri
1624 957 1772 996 noluit:
1810 971 1937 1007 genus
1969 957 2078 997 enim

172 1027 260 1062 erat
292 1023 413 1061 aliud.
464 1024 509 1061 Id
530 1037 612 1062 non
634 1027 696 1062 est
717 1023 758 1061 in
780 1023 1008 1062 oratoribus
1030 1028 1112 1062 aut.
1146 1023 1266 1062 etiam
1295 1023 1325 1061 si
1348 1026 1421 1061 est.
1454 1026 1496 1059 nt
1520 1022 1621 1060 alius
1642 1022 1883 1071 gravitatem
1905 1036 2080 1073 sequens

173 1088 444 1127 subtilitatem
475 1088 616 1138 fugiat,
648 1092 789 1127 contra
822 1089 922 1126 alins
954 1089 1174 1128 acutiorem
1196 1102 1236 1127 se
1259 1102 1377 1137 quam
1400 1088 1644 1126 ornatiorem
1667 1087 1775 1133 velit,
1808 1088 1931 1127 etiam
1963 1088 1996 1127 si
2018 1091 2080 1127 est
2112 1107 2137 1126 ιε»

171 1152 213 1190 in
235 1166 382 1202 genere
404 1152 619 1192 tolerabili,
652 1155 761 1191 certe
785 1166 865 1191 non
887 1156 948 1191 est
969 1152 1009 1190 in
1031 1153 1195 1203 optimo.
1228 1152 1260 1190 si
1283 1152 1454 1202 quidem.
1488 1153 1594 1202 quod
1616 1152 1746 1191 omnis
1778 1152 1918 1193 laudes
1941 1153 2077 1201 habet,

172 1217 215 1254 id
247 1223 309 1256 est
341 1217 552 1267 optimum.

112 1290 158 1318 111
342 1282 453 1321 Haec
475 1286 612 1320 autem
635 1282 715 1321 dixi
738 1282 894 1321 brevius
917 1283 1090 1332 quidem.
1114 1297 1231 1332 quam
1254 1297 1316 1321 res
1338 1283 1514 1333 petebat.
1537 1284 1606 1322 sed
1628 1285 1679 1322 ad
1700 1284 1753 1324 id.
1777 1285 1885 1334 quod
1907 1284 2078 1335 agimus,

114 1329 127 1348 ⁷
172 1360 255 1385 non
286 1347 361 1384 fuit
395 1347 609 1386 dicendum
640 1347 841 1397 pluribus:
875 1362 999 1385 unum
1031 1348 1135 1386 enim
1167 1363 1255 1385 cum
1288 1349 1339 1385 sit
1370 1363 1506 1397 genus,
1538 1349 1577 1388 id
1605 1350 1721 1400 quale
1744 1350 2076 1401 sit‚quae1·imus-

171 1412 245 1450 Est
276 1416 415 1451 autem
445 1412 540 1459 tale,
573 1413 690 1462 quale
721 1412 857 1452 floruit
878 1413 1056 1451 Athenis.
1115 1413 1235 1463 Atqui
1262 1414 1485 1454 Atticorum
1516 1419 1721 1454 oratorum
1753 1416 1839 1467 ipsa
1860 1417 1917 1455 vis
1939 1417 2080 1467 ignota
2109 1435 2137 1455 20

173 1480 247 1524 est,
280 1481 379 1516 nota
409 1477 556 1527 gloria:
590 1491 683 1516 nam
714 1477 887 1516 alterum
910 1478 1024 1516 multi
1046 1478 1242 1525 viderunt,
1274 1479 1405 1519 vitiosi
1434 1480 1531 1519 nihil
1553 1482 1658 1532 apud
1680 1496 1748 1521 eos
1771 1496 1872 1522 esse.
1904 1482 2079 1522 alterum

172 1542 303 1591 pauci,
337 1541 557 1579 laudabilia
588 1555 674 1580 esse
706 1542 845 1579 multa.
909 1543 975 1579 list
1004 1543 1107 1581 enim
1131 1543 1315 1582 vitiosum
1348 1544 1387 1582 in
1419 1546 1633 1593 sententia.
1665 1546 1697 1584 si
1730 1546 1825 1596 qnid
1857 1547 2079 1586 absurdum

172 1610 243 1645 ant
275 1606 451 1645 alienum
484 1610 555 1644 aut
588 1620 669 1645 non
700 1610 864 1645 acutum
900 1613 969 1645 aut.
1001 1608 1268 1647 subinsulsum
1307 1616 1384 1657 est,
1427 1611 1466 1648 in
1499 1611 1627 1650 verbis
1665 1612 1697 1650 si
1737 1612 2013 1662 inquinatum,
2046 1613 2079 1652 si

114 1690 127 1709 s
172 1671 390 1717 abiectum,
409 1671 442 1709 si
459 1685 541 1709 non
558 1676 712 1721 aptum,
735 1672 768 1709 si
786 1673 942 1719 durum,
961 1673 993 1710 si
1010 1673 1124 1724 longe
1142 1675 1323 1724 petitlnn.
1365 1676 1473 1715 Haec
1491 1677 1716 1716 vitaverunt
1739 1679 1821 1717 fere
1839 1692 1992 1725 omneS,
2011 1678 2079 1729 qui

172 1740 242 1775 aut
268 1736 393 1774 Attici
425 1739 691 1776 numerantur
712 1741 783 1775 aut
805 1737 940 1776 dicunt
965 1738 1113 1786 Attici-13
1146 1741 1215 1778 sed
1247 1741 1313 1790 qni
1344 1751 1511 1782 eatenus
1533 1743 1759 1790 valuerunt,
1792 1744 1880 1782 sani
1912 1748 1952 1784 et
1983 1744 2079 1783 sicci
2109 1763 2137 1782 25

172 1802 388 1839 dumtaxat
419 1801 659 1848 habeantur,
693 1802 763 1840 sed
792 1801 863 1849 ita,
896 1806 940 1840 nt
970 1803 1239 1853 palaestritae,
1272 1806 1436 1856 spatiari
1466 1807 1508 1845 in
1538 1811 1654 1857 xysto
1687 1813 1731 1847 ut
1762 1808 1904 1857 liceat,
1935 1817 1971 1847 at
1996 1823 2079 1849 non

171 1866 222 1904 ab
255 1865 449 1915 Olympiis
482 1880 673 1905 coronam
703 1871 858 1916 petant.
924 1868 997 1913 Qui
1033 1884 1121 1906 cnm
1160 1876 1321 1909 careant
1362 1873 1469 1910 omni
1500 1874 1616 1920 vitio,
1656 1888 1738 1913 non
1769 1879 1865 1912 sunt
1895 1876 2078 1913 contenti

171 1930 287 1981 quasi
319 1929 426 1969 bona
454 1929 697 1978 valetudine,
730 1932 799 1971 sed
829 1931 948 1979 vires,
982 1932 1171 1975 laternis.
1204 1936 1437 1987 sanguinem
1468 1942 1682 1989 quaerunt,
1717 1940 1922 1990 quandam
1954 1939 2077 1980 etiam

114 2060 138 2086 1.
159 2059 322 2094 sententiis]
344 2060 463 2093 sscl'ss’,
481 2060 538 2093 1³1,
554 2063 585 2086 ut
601 2060 722 2087 videtur:
753 2062 947 2095 sequentibus.
978 2077 1010 2081 —-
1045 2064 1068 2090 2.
1091 2066 1250 2101 praeterea]
1280 2070 1436 2103 propterea
1463 2069 1490 2095 T.
1520 2085 1552 2088 —
1581 2070 1804 2106 translatorum]
1835 2071 2011 2099 tralatorum
2034 2071 2069 2099 (ι’.
2099 2087 2135 2092 -

111 2107 137 2132 3.
151 2106 303 2142 eligamus]
317 2107 459 2142 eligamus
471 2108 505 2133 ut
519 2106 548 2134 T.
560 2106 609 2133 sed
620 2107 694 2133 linea
709 2107 787 2134 delet.
801 2111 841 2134 ut.
858 2123 890 2127 —
910 2110 1067 2144 translatis]
1080 2112 1192 2138 tralatis
1205 2114 1238 2139 (γ’,
1252 2129 1283 2132 ψ
1297 2115 1321 2140 4.
1343 2114 1444 2149 secuti]
1467 2117 1599 2149 sequenti
1624 2116 1652 2142 T.
1678 2131 1712 2135 —
1728 2117 1900 2152 verecunde]
1919 2119 2086 2146 verecunda
2098 2119 2133 2149 G.

113 2153 277 2179 vereconde
297 2152 325 2178 T.
341 2167 375 2171 ——
391 2152 501 2186 autem]
523 2153 608 2179 aliter
625 2153 656 2179 P.
673 2168 706 2171 -
727 2154 752 2179 ὁ.
775 2154 888 2188 acutae]
912 2159 1011 2182 accute
1030 2156 1057 2183 T.
1080 2172 1111 2175 ῌ
1133 2158 1157 2184 6,
1179 2160 1290 2194 graves]
1313 2169 1401 2195 grave
1419 2161 1447 2187 T.
1479 2177 1512 2180 —
1545 2163 1711 2198 verborum]
1733 2165 1774 2189 stc
1796 2163 1855 2197 1¹2,
1878 2164 1938 2198 1²1,
1959 2167 1991 2191 nt
2012 2165 2136 2192 ridetur.-

112 2198 244 2226 uerbum.
268 2214 301 2217 -—
324 2198 349 2226 7.
371 2197 531 2234 levitatem]
553 2198 704 2227 lenitatem
724 2199 871 2227 Bentlems
891 2200 927 2227 ad
942 2201 1010 2229 Hor.
1026 2206 1078 2230 art.
1089 2207 1162 2238 poet.
1178 2208 1219 2232 20¹.
1241 2222 1275 2225 ——
1296 2210 1327 2234 et
1348 2207 1412 2235 add.
1428 2207 1595 2236 Lambinus.
1616 2225 1651 2228 —
1666 2209 1691 2237 8.
1707 2212 1973 2247 accommodatum]
1996 2212 2035 2240 ad
2053 2221 2136 2240 acco—

111 2245 266 2272 modatum
290 2245 318 2271 T.
351 2260 383 2263 —
415 2247 448 2272 ut
470 2245 670 2272 aedificiorum
691 2245 852 2280 (leI.Nc19eI
872 2247 900 2272 in
922 2251 974 2274 act.
996 2256 1049 2275 soc.
1077 2250 1190 2277 'I'1·w‘e‹·t.
1211 2251 1287 2279 IIII
1297 2263 1326 2286 p.
1348 2256 1411 2280 266.
1433 2270 1467 2273 —
1490 2255 1532 2281 10.
1554 2264 1668 2283 summa
1688 2260 1799 2284 erunt
1818 2258 1922 2292 scripsi
1929 2268 1938 2285 .·
1962 2267 2078 2286 summa
2098 2260 2135 2285 A»

110 2293 197 2318 erunt
226 2299 342 2318 summa
372 2291 460 2327 rulyo.
491 2306 525 2310 —
546 2292 775 2328 perfectissimus
806 2292 979 2321 Lambinus:
1007 2296 1195 2331 peritissimus
1218 2300 1250 2326 A.
1280 2316 1312 2319 —
1340 2300 1382 2328 11.
1412 2301 1462 2329 sed
1489 2301 1631 2330 Jahm‘m:
1664 2305 1693 2331 et
1713 2304 1748 2331 A.
1770 2320 1805 2323 —
1826 2305 2014 2341 appellantur
2034 2305 2134 2342 etiam]

109 2339 200 2366 etiam
229 2338 416 2374 appellantur
447 2338 475 2364 T.
505 2353 539 2357 ——
563 2338 606 2365 13.
628 2339 825 2374 Demostheni]
855 2341 1055 2369 Demosthenis
1078 2343 1134 2370 1¹2.
1164 2361 1196 2363 —
1227 2355 1262 2373 xe
1282 2347 1346 2374 add.
1369 2348 1497 2376 arellius,
1520 2365 1554 2368 —
1579 2350 1711 2385 similem]
1734 2351 1791 2378 P2
1809 2360 1947 2385 superscr.
1968 2352 2016 2379 uel
2034 2353 2078 2380 lis.
2100 2368 2135 2372 —

111 2385 154 2411 14.
170 2384 357 2419 gravitatem]
379 2384 528 2419 grauitate
547 2384 575 2410 T.
598 2399 633 2402 —
655 2384 698 2410 15.
720 2385 798 2419 velit]
821 2394 882 2412 esse
906 2386 934 2412 T.
957 2402 990 2406 —
1018 2388 1059 2414 16.
1080 2390 1231 2425 tolerabili]
1254 2393 1403 2420 tolerabile
1420 2395 1449 2421 P.
1472 2411 1505 2414 —
1527 2396 1629 2431 omnis]
1652 2405 1752 2424 omnes
1768 2397 1794 2424 (i
1808 2398 1899 2424 essu.
1918 2398 1947 2424 T.
1969 2413 2004 2418 ——-
2026 2399 2070 2426 17.
2091 2401 2136 2426 est

109 2439 162 2458 om.
185 2430 236 2457 Pl
261 2430 290 2457 T.
313 2445 347 2449 —
385 2430 428 2457 18.
450 2430 538 2465 Haec]
561 2430 617 2457 hoc.
643 2430 670 2457 T.
702 2446 736 2450 —
765 2431 884 2465 quidem
906 2433 944 2460 G:
973 2435 1105 2468 equidem
1128 2436 1154 2462 1²
1176 2437 1201 2464 T.
1224 2454 1257 2457 ——
1286 2439 1329 2466 19.
1351 2440 1515 2476 dicendum]
1538 2442 1708 2470 discendum
1731 2443 1760 2471 T.
1782 2459 1817 2462 —
1839 2452 1905 2471 cum
1926 2444 1973 2479 sit]
1996 2445 2135 2479 quoniam

109 2478 133 2504 si
158 2477 187 2504 T.
219 2492 255 2496 ——
286 2477 330 2504 20.
354 2477 443 2511 Atqui
467 2477 584 2511 scripsi:
605 2486 641 2504 ex
662 2485 720 2511 quo
741 2478 776 2504 A.
807 2492 841 2497 —-
868 2479 1040 2514 Atticorum]
1067 2483 1228 2510 anticorum
1254 2485 1281 2512 T.
1303 2501 1335 2504 —
1358 2487 1409 2522 vis]
1431 2496 1483 2514 om.
1508 2488 1537 2515 T.
1563 2504 1597 2507 —
1626 2489 1670 2516 21.
1692 2489 1771 2525 nihil]
1793 2490 1881 2518 nichil
1904 2490 1934 2518 T.
1955 2506 1990 2511 -—-
2016 2491 2061 2519 23.
2083 2493 2136 2519 aut

108 2523 248 2558 alienum]
274 2525 307 2551 ut
328 2522 455 2551 alienum
480 2523 508 2550 T.
540 2539 574 2543 —
606 2525 658 2551 aut
678 2523 745 2558 non]
768 2526 819 2551 aut
840 2524 894 2552 nisi
912 2525 941 2552 T.
973 2541 1006 2545 —-
1038 2529 1165 2564 acutum]
1192 2534 1344 2560 acututum
1366 2533 1425 2567 Pl,
1456 2538 1593 2563 accutum
1617 2536 1646 2564 T.
1677 2552 1712 2556 —
1742 2537 1766 2565 si
1787 2538 1943 2574 abiectum]
1965 2546 2018 2566 mn.
2040 2536 2133 2574 R}—

108 2570 153 2597 24.
169 2569 279 2604 omnes]
296 2569 432 2597 omnisP.
448 2584 483 2588 —
499 2569 543 2597 25.
553 2569 652 2604 Attici]
670 2570 757 2597 attice
770 2570 799 2597 T.
815 2586 849 2589 —
864 2576 1055 2601 numerantur
1069 2575 1107 2601 P.-
1124 2581 1277 2605 numerant
1288 2580 1312 2605 G
1325 2580 1354 2607 T.
1369 2596 1403 2599 —
1418 2581 1519 2609 dicunt
1529 2582 1563 2610 T:
1580 2583 1680 2611 dicant
1695 2584 1721 2611 G
1736 2584 1768 2612 P.
1790 2600 1825 2603 —
1845 2584 1951 2620 Attice]
1967 2585 2042 2613 atice
2053 2585 2083 2613 T.
2099 2601 2134 2604 —

109 2617 160 2651 qui
187 2618 309 2644 eatenus
335 2615 519 2643 Gulielmius:
549 2624 607 2651 qua
635 2619 720 2643 tenus
741 2616 776 2644 A.
805 2632 839 2636 -—
866 2618 909 2646 26.
931 2618 1103 2657 habeantur]
1129 2622 1313 2653 habebantur
1336 2626 1364 2654 T.
1395 2643 1429 2647 —
1460 2629 1657 2666 palaestritae]
1687 2631 1854 2668 palestricte
1878 2631 1907 2660 T.
1936 2647 1972 2652 —
1999 2631 2133 2670 spatiari]

107 2663 236 2700 spaciari
251 2663 280 2691 P
293 2663 322 2691 T.
338 2678 373 2683 -—
388 2662 484 2699 xysto]
498 2663 576 2692 xisto
592 2663 625 2698 P,
640 2672 712 2691 corr.
726 2672 864 2699 super-scr.
879 2666 925 2694 uel
940 2667 1033 2701 circo;
1054 2669 1123 2697 sisto
1142 2670 1170 2698 T.
1192 2687 1225 2691 —
1246 2673 1341 2708 liceat]
1363 2675 1441 2703 dicat
1456 2676 1484 2704 T.
1506 2694 1541 2697 —
1561 2680 1592 2704 (ιι
1611 2687 1668 2706 non
1681 2679 1799 2713 scripsi:
1818 2688 1877 2707 non
1891 2680 1927 2707 A.
1943 2696 1978 2699 —
1999 2680 2044 2708 27.
2056 2679 2134 2715 cum]

108 2711 249 2745 quoniam
268 2710 296 2737 T.
319 2725 353 2729 —
375 2709 457 2745 vitio]
480 2710 556 2737 uicio
578 2710 643 2737 PT.
666 2726 700 2729 —
722 2713 790 2738 sunt
803 2711 840 2738 T:
862 2713 919 2739 sint
935 2713 961 2739 G
975 2713 1007 2740 P.
1023 2730 1057 2733 —
1072 2716 1115 2742 28.
1131 2722 1275 2750 quaerunt
1288 2719 1321 2746 J:
1343 2725 1485 2754 quaerant
1498 2723 1533 2749 A.
1549 2739 1584 2742 —
1599 2724 1758 2760 quandam]
1774 2727 1803 2752 et
1818 2726 1967 2760 quandam
1984 2726 2014 2753 T.
2030 2740 2065 2745 --
